
<record>
  <leader>04249cam a22004217i 4500</leader>
  <controlfield tag="001">18536189</controlfield>
  <controlfield tag="005">20200103150447.0</controlfield>
  <controlfield tag="008">150323s2016    nju      b    001 0 eng  </controlfield>
  <datafield tag="906" ind1=" " ind2=" ">
    <subfield code="a">7</subfield>
    <subfield code="b">cbc</subfield>
    <subfield code="c">orignew</subfield>
    <subfield code="d">1</subfield>
    <subfield code="e">ecip</subfield>
    <subfield code="f">20</subfield>
    <subfield code="g">y-gencatlg</subfield>
  </datafield>
  <datafield tag="925" ind1="0" ind2=" ">
    <subfield code="a">acquire</subfield>
    <subfield code="b">1 shelf copy</subfield>
    <subfield code="x">policy default</subfield>
    <subfield code="e">claim1  2016-01-05</subfield>
  </datafield>
  <datafield tag="955" ind1=" " ind2=" ">
    <subfield code="b">rm13 2015-03-23</subfield>
    <subfield code="i">rm13 2015-03-23 ONIX (telework)</subfield>
    <subfield code="w">xl03 2015-03-23</subfield>
    <subfield code="a">xn12 2016-03-04 1 copy rec&apos;d., to CIP ver.</subfield>
    <subfield code="f">rm06 2016-03-16 to CALM</subfield>
  </datafield>
  <datafield tag="010" ind1=" " ind2=" ">
    <subfield code="a">  2015011069</subfield>
  </datafield>
  <datafield tag="020" ind1=" " ind2=" ">
    <subfield code="a">9781118937693 (hardback)</subfield>
  </datafield>
  <datafield tag="040" ind1=" " ind2=" ">
    <subfield code="a">DLC</subfield>
    <subfield code="b">eng</subfield>
    <subfield code="c">DLC</subfield>
    <subfield code="e">rda</subfield>
    <subfield code="d">DLC</subfield>
  </datafield>
  <datafield tag="050" ind1="0" ind2="0">
    <subfield code="a">HB143.7</subfield>
    <subfield code="b">.B35 2016</subfield>
  </datafield>
  <datafield tag="082" ind1="0" ind2="0">
    <subfield code="a">005.54</subfield>
    <subfield code="2">23</subfield>
  </datafield>
  <datafield tag="084" ind1=" " ind2=" ">
    <subfield code="a">BUS042000</subfield>
    <subfield code="a">BUS101000</subfield>
    <subfield code="a">TEC009060</subfield>
    <subfield code="2">bisacsh</subfield>
  </datafield>
  <datafield tag="100" ind1="1" ind2=" ">
    <subfield code="a">Baker, Kenneth R.,</subfield>
    <subfield code="d">1943-</subfield>
  </datafield>
  <datafield tag="245" ind1="1" ind2="0">
    <subfield code="a">Optimization modeling with spreadsheets /</subfield>
    <subfield code="c">Kenneth R. Baker.</subfield>
  </datafield>
  <datafield tag="250" ind1=" " ind2=" ">
    <subfield code="a">Third Edition.</subfield>
  </datafield>
  <datafield tag="264" ind1=" " ind2="1">
    <subfield code="a">Hoboken :</subfield>
    <subfield code="b">Wiley,</subfield>
    <subfield code="c">[2016]</subfield>
  </datafield>
  <datafield tag="300" ind1=" " ind2=" ">
    <subfield code="a">xiii, 374 pages ;</subfield>
    <subfield code="c">25 cm</subfield>
  </datafield>
  <datafield tag="336" ind1=" " ind2=" ">
    <subfield code="a">text</subfield>
    <subfield code="2">rdacontent</subfield>
  </datafield>
  <datafield tag="337" ind1=" " ind2=" ">
    <subfield code="a">unmediated</subfield>
    <subfield code="2">rdamedia</subfield>
  </datafield>
  <datafield tag="338" ind1=" " ind2=" ">
    <subfield code="a">volume</subfield>
    <subfield code="2">rdacarrier</subfield>
  </datafield>
  <datafield tag="500" ind1=" " ind2=" ">
    <subfield code="a">Revised edition of the author&apos;s Optimization modeling with spreadsheets, 2011.</subfield>
  </datafield>
  <datafield tag="520" ind1=" " ind2=" ">
    <subfield code="a">&quot;Thoroughly updated to reflect the latest topical and technical advances in the field, Optimization Modeling with Spreadsheets, Third Edition continues to focus on solving real-world optimization problems through the creation of mathematical models and the use of spreadsheets for analysis.  Developed and extensively classroom-tested, the book features a systematic approach that equips readers with the skills needed to apply optimization tools effectively without the need to rely on specialized algorithms.  This introductory book on optimization (mathematical programming) includes coverage on linear programming, nonlinear programming, integer programming, and heuristic programming, with an emphasis on model building using Excel&apos;s freely available Solver.  The focus on model building (rather than algorithms) is one feature that makes this book distinctive as most books devote more space to algorithmic details than to formulation principles. These days, however, it is not necessary to know a great deal about algorithms in order to apply optimization tools, especially when relying on the spreadsheet as a solution platform.  This emphasis on spreadsheets is another feature that makes this book distinctive.  Few books devoted to optimization pay much attention to spreadsheet implementation of optimization principles, and most books that emphasize model building ignore spreadsheets entirely.  To address the capabilities of sensitivity analysis, the use of Excel&apos;s Sensitivity Toolkit is employed.  In addition, the book&apos;s past use of the Risk Solver Platform for Education (RSPE) is not completely abandoned as the author does include instructions on the use of RSPE for solving optimization problems within an appendix&quot;--</subfield>
    <subfield code="c">Provided by publisher.</subfield>
  </datafield>
  <datafield tag="520" ind1=" " ind2=" ">
    <subfield code="a">&quot;This book focuses on solving real-world optimization problems through the creation of mathematical models and the use of spreadsheets for analysis. Developed and extensively classroom-tested, the book features a systematic approach that equips readers with the skills needed to apply optimization tools effectively without the need to rely on specialized algorithms. This introductory book on optimization (mathematical programming) includes coverage on linear programming, nonlinear programming, integer programming, and heuristic programming, with an emphasis on model building using Excel&apos;s freely available Solver&quot;--</subfield>
    <subfield code="c">Provided by publisher.</subfield>
  </datafield>
  <datafield tag="504" ind1=" " ind2=" ">
    <subfield code="a">Includes bibliographical references and index.</subfield>
  </datafield>
  <datafield tag="650" ind1=" " ind2="0">
    <subfield code="a">Mathematical optimization.</subfield>
  </datafield>
  <datafield tag="650" ind1=" " ind2="0">
    <subfield code="a">Managerial economics</subfield>
    <subfield code="x">Mathematical models.</subfield>
  </datafield>
  <datafield tag="650" ind1=" " ind2="0">
    <subfield code="a">Electronic spreadsheets.</subfield>
  </datafield>
  <datafield tag="650" ind1=" " ind2="0">
    <subfield code="a">Programming (Mathematics)</subfield>
  </datafield>
  <datafield tag="650" ind1=" " ind2="7">
    <subfield code="a">BUSINESS &amp; ECONOMICS / Management Science.</subfield>
    <subfield code="2">bisacsh</subfield>
  </datafield>
  <datafield tag="650" ind1=" " ind2="7">
    <subfield code="a">BUSINESS &amp; ECONOMICS / Project Management.</subfield>
    <subfield code="2">bisacsh</subfield>
  </datafield>
  <datafield tag="650" ind1=" " ind2="7">
    <subfield code="a">TECHNOLOGY &amp; ENGINEERING / Industrial Engineering.</subfield>
    <subfield code="2">bisacsh</subfield>
  </datafield>
  <datafield tag="776" ind1="0" ind2="8">
    <subfield code="i">Online version:</subfield>
    <subfield code="a">Baker, Kenneth R., 1943-</subfield>
    <subfield code="t">Optimization modeling with spreadsheets</subfield>
    <subfield code="b">Third Edition.</subfield>
    <subfield code="d">Hoboken : Wiley, 2015</subfield>
    <subfield code="z">9781118937709</subfield>
    <subfield code="w">(DLC) 2015011816</subfield>
  </datafield>
  <datafield tag="963" ind1=" " ind2=" ">
    <subfield code="a">Mark Bajakian; phone: 201-748 6161; email: mbajakian@wiley.com; bc: jepeters@wiley.com</subfield>
  </datafield>
</record>