
<record>
  <leader>01769cam a22003617i 4500</leader>
  <controlfield tag="001">18537685</controlfield>
  <controlfield tag="005">20200103120551.0</controlfield>
  <controlfield tag="008">150304e201502  is ah         000 0 heb  </controlfield>
  <datafield tag="906" ind1=" " ind2=" ">
    <subfield code="a">7</subfield>
    <subfield code="b">cbc</subfield>
    <subfield code="c">origres</subfield>
    <subfield code="d">3</subfield>
    <subfield code="e">ncip</subfield>
    <subfield code="f">20</subfield>
    <subfield code="g">y-nonroman</subfield>
  </datafield>
  <datafield tag="955" ind1=" " ind2=" ">
    <subfield code="b">cd08 2019-01-22 z-processor JACKPHY (Prev.: Vendor load ;</subfield>
    <subfield code="b">cd06 2015-11-12 telework to cd00 shelves) ;</subfield>
    <subfield code="i">cd08 2019-01-22 EncLvl = 7 descriptive, subj. head., shelflistd, end stage; to Hebraic Section ;</subfield>
  </datafield>
  <datafield tag="010" ind1=" " ind2=" ">
    <subfield code="a">  2015491544</subfield>
  </datafield>
  <datafield tag="035" ind1=" " ind2=" ">
    <subfield code="a">(IsJeAIW)wb2015407549</subfield>
  </datafield>
  <datafield tag="040" ind1=" " ind2=" ">
    <subfield code="a">DLC</subfield>
    <subfield code="b">eng</subfield>
    <subfield code="e">rda</subfield>
    <subfield code="c">DLC</subfield>
  </datafield>
  <datafield tag="043" ind1=" " ind2=" ">
    <subfield code="a">a-is---</subfield>
  </datafield>
  <datafield tag="050" ind1="0" ind2="0">
    <subfield code="a">BM755.S52744</subfield>
    <subfield code="b">S52 2015</subfield>
  </datafield>
  <datafield tag="066" ind1=" " ind2=" ">
    <subfield code="c">(2</subfield>
  </datafield>
  <datafield tag="100" ind1="1" ind2=" ">
    <subfield code="6">880-01</subfield>
    <subfield code="a">Shṭainberg, Y.,</subfield>
    <subfield code="e">author</subfield>
  </datafield>
  <datafield tag="880" ind1="1" ind2=" ">
    <subfield code="6">100-01/(2/r‏</subfield>
    <subfield code="a">‏שטינברג, י.</subfield>
  </datafield>
  <datafield tag="245" ind1="1" ind2="0">
    <subfield code="6">880-02</subfield>
    <subfield code="a">H. ori :</subfield>
    <subfield code="b">pirḳe or ṿe-hitmodedut bi-gevurah me-ḥayaṿ shel Rabi Uriyah Shṭain, zal /</subfield>
    <subfield code="c">ʻibud u-khetivah, Y. Shṭainberg.</subfield>
  </datafield>
  <datafield tag="880" ind1="1" ind2="0">
    <subfield code="6">245-02/(2/r‏</subfield>
    <subfield code="a">‏ה׳ אורי :‏</subfield>
    <subfield code="b">‏פרקי אור והתמודדות בגבורה מחייו של אוריה שטיין, ז&quot;ל /‏</subfield>
    <subfield code="c">‏עיבוד וכתיבה, י. שטינברג.</subfield>
  </datafield>
  <datafield tag="246" ind1="3" ind2=" ">
    <subfield code="a">ha-Shem ori</subfield>
  </datafield>
  <datafield tag="264" ind1=" " ind2="1">
    <subfield code="6">880-03</subfield>
    <subfield code="a">[Israel] :</subfield>
    <subfield code="b">Sheʻarim,</subfield>
    <subfield code="c">Adar 5775 [February or March 2015]</subfield>
  </datafield>
  <datafield tag="880" ind1=" " ind2="1">
    <subfield code="6">264-03/(2/r‏</subfield>
    <subfield code="a">‏[Israel] :‏</subfield>
    <subfield code="b">‏שערים,‏</subfield>
    <subfield code="c">‏אדר ה&apos;תשע״ה.</subfield>
  </datafield>
  <datafield tag="300" ind1=" " ind2=" ">
    <subfield code="a">397 pages :</subfield>
    <subfield code="b">illustrations, facsimiles, portraits ;</subfield>
    <subfield code="c">25 cm</subfield>
  </datafield>
  <datafield tag="336" ind1=" " ind2=" ">
    <subfield code="a">text</subfield>
    <subfield code="b">txt</subfield>
    <subfield code="2">rdacontent</subfield>
  </datafield>
  <datafield tag="337" ind1=" " ind2=" ">
    <subfield code="a">unmediated</subfield>
    <subfield code="b">n</subfield>
    <subfield code="2">rdamedia</subfield>
  </datafield>
  <datafield tag="338" ind1=" " ind2=" ">
    <subfield code="a">volume</subfield>
    <subfield code="b">nc</subfield>
    <subfield code="2">rdacarrier</subfield>
  </datafield>
  <datafield tag="500" ind1=" " ind2=" ">
    <subfield code="a">&quot;Yotse la-or ʻa.y. bene ha-mishpaḥah le-ʻilui nishmato.&quot;</subfield>
  </datafield>
  <datafield tag="600" ind1="1" ind2="0">
    <subfield code="6">880-04</subfield>
    <subfield code="a">Shṭain, Uriyah,</subfield>
    <subfield code="d">1979-2013.</subfield>
  </datafield>
  <datafield tag="880" ind1="1" ind2="4">
    <subfield code="6">600-04/(2/r‏</subfield>
    <subfield code="a">‏שטיין, אוריה,‏</subfield>
    <subfield code="d">‏1979-2013.</subfield>
  </datafield>
  <datafield tag="650" ind1=" " ind2="0">
    <subfield code="a">Rabbis</subfield>
    <subfield code="z">Israel</subfield>
    <subfield code="v">Biography.</subfield>
  </datafield>
  <datafield tag="923" ind1=" " ind2=" ">
    <subfield code="d">20150311</subfield>
    <subfield code="n">26336</subfield>
    <subfield code="s">IsJeAIW</subfield>
  </datafield>
  <datafield tag="985" ind1=" " ind2=" ">
    <subfield code="e">VENDOR LOAD</subfield>
  </datafield>
</record>