
<record>
  <leader>02189cam a22003497i 4500</leader>
  <controlfield tag="001">18537826</controlfield>
  <controlfield tag="005">20200103120551.0</controlfield>
  <controlfield tag="008">150323s2015    ne a     b    001 0 eng  </controlfield>
  <datafield tag="906" ind1=" " ind2=" ">
    <subfield code="a">7</subfield>
    <subfield code="b">cbc</subfield>
    <subfield code="c">orignew</subfield>
    <subfield code="d">1</subfield>
    <subfield code="e">ecip</subfield>
    <subfield code="f">20</subfield>
    <subfield code="g">y-gencatlg</subfield>
  </datafield>
  <datafield tag="925" ind1="0" ind2=" ">
    <subfield code="a">acquire</subfield>
    <subfield code="b">1 shelf copy</subfield>
    <subfield code="x">policy default</subfield>
    <subfield code="e">claim1  2015-12-02</subfield>
  </datafield>
  <datafield tag="955" ind1=" " ind2=" ">
    <subfield code="b">xk10 2015-03-23</subfield>
    <subfield code="c">xk10 2015-03-23 to to Social Sciences</subfield>
    <subfield code="d">rm15 2015-03-30 (telework)</subfield>
    <subfield code="a">rm15 2015-03-30 to Dewey</subfield>
    <subfield code="w">xl03 2015-03-31</subfield>
    <subfield code="a">xk10 2015-04-06 (ECIP chg, req) to CIP</subfield>
    <subfield code="a">xn05 2016-01-09 1 copy rec&apos;d., to CIP ver.</subfield>
    <subfield code="f">rm05 2016-01-19 to CALM</subfield>
  </datafield>
  <datafield tag="010" ind1=" " ind2=" ">
    <subfield code="a">  2015007159</subfield>
  </datafield>
  <datafield tag="020" ind1=" " ind2=" ">
    <subfield code="a">9789027242594 (hbk : alk. paper)</subfield>
  </datafield>
  <datafield tag="020" ind1=" " ind2=" ">
    <subfield code="z">9789027268495 (e book)</subfield>
  </datafield>
  <datafield tag="040" ind1=" " ind2=" ">
    <subfield code="a">DLC</subfield>
    <subfield code="b">eng</subfield>
    <subfield code="c">DLC</subfield>
    <subfield code="e">rda</subfield>
    <subfield code="d">DLC</subfield>
  </datafield>
  <datafield tag="050" ind1="0" ind2="0">
    <subfield code="a">HV2474</subfield>
    <subfield code="b">.S5727 2015</subfield>
  </datafield>
  <datafield tag="082" ind1="0" ind2="0">
    <subfield code="a">419</subfield>
    <subfield code="2">23</subfield>
  </datafield>
  <datafield tag="245" ind1="0" ind2="0">
    <subfield code="a">Signs and structures :</subfield>
    <subfield code="b">formal approaches to sign language syntax /</subfield>
    <subfield code="c">edited by Pawel Rutkowski, University of Warsaw.</subfield>
  </datafield>
  <datafield tag="264" ind1=" " ind2="1">
    <subfield code="a">Amsterdam ;</subfield>
    <subfield code="a">Philadelphia :</subfield>
    <subfield code="b">John Benjamins Publishing Company,</subfield>
    <subfield code="c">[2015]</subfield>
  </datafield>
  <datafield tag="300" ind1=" " ind2=" ">
    <subfield code="a">143 pages ;</subfield>
    <subfield code="b">illustrations :</subfield>
    <subfield code="c">25 cm.</subfield>
  </datafield>
  <datafield tag="336" ind1=" " ind2=" ">
    <subfield code="a">text</subfield>
    <subfield code="2">rdacontent</subfield>
  </datafield>
  <datafield tag="337" ind1=" " ind2=" ">
    <subfield code="a">unmediated</subfield>
    <subfield code="2">rdamedia</subfield>
  </datafield>
  <datafield tag="338" ind1=" " ind2=" ">
    <subfield code="a">volume</subfield>
    <subfield code="2">rdacarrier</subfield>
  </datafield>
  <datafield tag="490" ind1="0" ind2=" ">
    <subfield code="a">Benjamins Current Topics,</subfield>
    <subfield code="x">1874-0081 ;</subfield>
    <subfield code="v">volume 71</subfield>
  </datafield>
  <datafield tag="500" ind1=" " ind2=" ">
    <subfield code="a">Warsaw FEAST (Formal and Experimental Advances in Sign Language Theory) conference held on June 1-2, 2012; University of Warsaw, Poland.</subfield>
  </datafield>
  <datafield tag="504" ind1=" " ind2=" ">
    <subfield code="a">Includes bibliographical references and index.</subfield>
  </datafield>
  <datafield tag="505" ind1="0" ind2=" ">
    <subfield code="a">Getting together a posse: The primacy of predication in ASL possessives / Natasha Abner -- Wh-duplication in Italian Sign Language / Chiara Branchinia, Anna Cardinalettia, Carlo Cecchettob, Caterina -- Donatic, and Carlo Geracid -- Person climbing up a tree (and other adventures in sign language -- Grammaticalization) / Roland Pfau and Markus Steinbach -- The point of agreement: Changing how we think about sign language gesture, and agreement / Ronnie B. Wilbur.</subfield>
  </datafield>
  <datafield tag="650" ind1=" " ind2="0">
    <subfield code="a">Sign language</subfield>
    <subfield code="x">Syntax.</subfield>
  </datafield>
  <datafield tag="650" ind1=" " ind2="0">
    <subfield code="a">Sign language</subfield>
    <subfield code="x">Grammaticalization.</subfield>
  </datafield>
  <datafield tag="650" ind1=" " ind2="0">
    <subfield code="a">Gesture.</subfield>
  </datafield>
  <datafield tag="700" ind1="1" ind2=" ">
    <subfield code="a">Rutkowski, Paweł,</subfield>
    <subfield code="e">editor.</subfield>
  </datafield>
  <datafield tag="776" ind1="0" ind2="8">
    <subfield code="i">Online version:</subfield>
    <subfield code="t">Signs and structures</subfield>
    <subfield code="d">Amsterdam ; Philadelphia : John Benjamins Publishing Company, [2015]</subfield>
    <subfield code="z">9789027268495</subfield>
    <subfield code="w">(DLC) 2015013100</subfield>
  </datafield>
</record>