
<record>
  <leader>02175cam a22003257i 4500</leader>
  <controlfield tag="001">18542499</controlfield>
  <controlfield tag="005">20200103120552.0</controlfield>
  <controlfield tag="008">150326s2015    nyu      b    001 0 eng  </controlfield>
  <datafield tag="906" ind1=" " ind2=" ">
    <subfield code="a">7</subfield>
    <subfield code="b">cbc</subfield>
    <subfield code="c">orignew</subfield>
    <subfield code="d">1</subfield>
    <subfield code="e">ecip</subfield>
    <subfield code="f">20</subfield>
    <subfield code="g">y-gencatlg</subfield>
  </datafield>
  <datafield tag="925" ind1="0" ind2=" ">
    <subfield code="a">acquire</subfield>
    <subfield code="b">1 shelf copy</subfield>
    <subfield code="x">policy default</subfield>
    <subfield code="e">claim1  2015-10-05</subfield>
  </datafield>
  <datafield tag="955" ind1=" " ind2=" ">
    <subfield code="b">rm13 2015-03-26</subfield>
    <subfield code="i">rm13 2015-03-26 (telework)</subfield>
    <subfield code="w">xl06 2015-03-26</subfield>
    <subfield code="a">xn11 2015-10-22 1 copy rec&apos;d., to CIP ver.</subfield>
    <subfield code="f">rm06 2015-12-03 to CALM</subfield>
  </datafield>
  <datafield tag="010" ind1=" " ind2=" ">
    <subfield code="a">  2014043865</subfield>
  </datafield>
  <datafield tag="020" ind1=" " ind2=" ">
    <subfield code="a">9781138845213 (hbk)</subfield>
  </datafield>
  <datafield tag="020" ind1=" " ind2=" ">
    <subfield code="z">9781315726083 (ebk)</subfield>
  </datafield>
  <datafield tag="040" ind1=" " ind2=" ">
    <subfield code="a">DLC</subfield>
    <subfield code="b">eng</subfield>
    <subfield code="c">DLC</subfield>
    <subfield code="e">rda</subfield>
    <subfield code="d">DLC</subfield>
  </datafield>
  <datafield tag="050" ind1="0" ind2="0">
    <subfield code="a">HM1271</subfield>
    <subfield code="b">.A958 2015</subfield>
  </datafield>
  <datafield tag="082" ind1="0" ind2="0">
    <subfield code="a">305.8</subfield>
    <subfield code="2">23</subfield>
  </datafield>
  <datafield tag="245" ind1="0" ind2="0">
    <subfield code="a">Authenticity, autonomy and multiculturalism /</subfield>
    <subfield code="c">Geoffrey Brahm Levey.</subfield>
  </datafield>
  <datafield tag="264" ind1=" " ind2="1">
    <subfield code="a">New York :</subfield>
    <subfield code="b">Routledge,</subfield>
    <subfield code="c">2015.</subfield>
  </datafield>
  <datafield tag="300" ind1=" " ind2=" ">
    <subfield code="a">211 pages ;</subfield>
    <subfield code="c">24 cm.</subfield>
  </datafield>
  <datafield tag="336" ind1=" " ind2=" ">
    <subfield code="a">text</subfield>
    <subfield code="2">rdacontent</subfield>
  </datafield>
  <datafield tag="337" ind1=" " ind2=" ">
    <subfield code="a">unmediated</subfield>
    <subfield code="2">rdamedia</subfield>
  </datafield>
  <datafield tag="338" ind1=" " ind2=" ">
    <subfield code="a">volume</subfield>
    <subfield code="2">rdacarrier</subfield>
  </datafield>
  <datafield tag="490" ind1="0" ind2=" ">
    <subfield code="a">Routledge studies in social and political thought ;</subfield>
    <subfield code="v">103</subfield>
  </datafield>
  <datafield tag="504" ind1=" " ind2=" ">
    <subfield code="a">Includes bibliographical references and index.</subfield>
  </datafield>
  <datafield tag="505" ind1="0" ind2=" ">
    <subfield code="a">Acknowledgements -- Authenticity and the multiculturalism debates / Geoffrey Brahm Levey -- Individual autonomy and cultural identity -- Autonomy and social disorientation / John Christman -- Autonomy and multiculturalism / Anna Elisabetta Galeotti -- Belief, autonomy and responsibility : the case of indirect religious discrimination / Peter Jones -- Debating authenticity : autonomous preferences and cultural -- Against authenticity / Anne Phillips -- Individual or collective autonomy and/or cultural authenticity? : in defense of minimalism / Veit Bader -- Authenticity and the third-person perspective / Ben Colburn -- Pluralizing authenticity? -- What is wrong with a liberal assessment of religious authenticity? / Avigail Eisenberg -- Analyzing &quot;authenticity&quot; in the litigation of cultural claims : reflections on the role of expertise / Alison Dundes Renteln and Marie-Claire Foblets -- Authenticity and Jewish self-hatred / Marilyn Friedman -- List of contributors -- Index.</subfield>
  </datafield>
  <datafield tag="650" ind1=" " ind2="0">
    <subfield code="a">Multiculturalism.</subfield>
  </datafield>
  <datafield tag="650" ind1=" " ind2="0">
    <subfield code="a">Group identity.</subfield>
  </datafield>
  <datafield tag="650" ind1=" " ind2="0">
    <subfield code="a">Identification (Religion)</subfield>
  </datafield>
  <datafield tag="700" ind1="1" ind2=" ">
    <subfield code="a">Levey, Geoffrey Brahm,</subfield>
    <subfield code="e">editor.</subfield>
  </datafield>
</record>