
<record>
  <leader>02648cam a22003977i 4500</leader>
  <controlfield tag="001">18543657</controlfield>
  <controlfield tag="005">20200103120552.0</controlfield>
  <controlfield tag="008">150326s2015    nyu      b    001 0 eng c</controlfield>
  <datafield tag="906" ind1=" " ind2=" ">
    <subfield code="a">7</subfield>
    <subfield code="b">cbc</subfield>
    <subfield code="c">orignew</subfield>
    <subfield code="d">1</subfield>
    <subfield code="e">ecip</subfield>
    <subfield code="f">20</subfield>
    <subfield code="g">y-gencatlg</subfield>
  </datafield>
  <datafield tag="925" ind1="0" ind2=" ">
    <subfield code="a">acquire</subfield>
    <subfield code="b">1 shelf copy</subfield>
    <subfield code="x">policy default</subfield>
    <subfield code="e">claim1  2016-02-03</subfield>
  </datafield>
  <datafield tag="955" ind1=" " ind2=" ">
    <subfield code="a">IEN</subfield>
    <subfield code="e">rm13 2015-04-09 to Dewey (telework)</subfield>
    <subfield code="w">xl05 2015-04-10 (telework)</subfield>
    <subfield code="a">xn12 2016-04-25 1 copy rec&apos;d., to CIP ver.</subfield>
    <subfield code="f">rm06 2016-08-25 to CALM</subfield>
  </datafield>
  <datafield tag="010" ind1=" " ind2=" ">
    <subfield code="a">  2015012231</subfield>
  </datafield>
  <datafield tag="020" ind1=" " ind2=" ">
    <subfield code="a">9781137552211</subfield>
  </datafield>
  <datafield tag="020" ind1=" " ind2=" ">
    <subfield code="z">9781137519184 (ePub)</subfield>
  </datafield>
  <datafield tag="020" ind1=" " ind2=" ">
    <subfield code="z">9781137519146 (e-Pdf)</subfield>
  </datafield>
  <datafield tag="040" ind1=" " ind2=" ">
    <subfield code="a">IEN/DLC</subfield>
    <subfield code="b">eng</subfield>
    <subfield code="c">IEN</subfield>
    <subfield code="e">rda</subfield>
    <subfield code="d">DLC</subfield>
  </datafield>
  <datafield tag="043" ind1=" " ind2=" ">
    <subfield code="a">f------</subfield>
  </datafield>
  <datafield tag="050" ind1="0" ind2="0">
    <subfield code="a">HN773.5</subfield>
    <subfield code="b">.G56 2015</subfield>
  </datafield>
  <datafield tag="082" ind1="0" ind2="4">
    <subfield code="a">306.09609051</subfield>
    <subfield code="2">23</subfield>
  </datafield>
  <datafield tag="245" ind1="0" ind2="0">
    <subfield code="a">Globalization and socio-cultural processes in contemporary Africa /</subfield>
    <subfield code="c">edited by Eunice N. Sahle.</subfield>
  </datafield>
  <datafield tag="264" ind1=" " ind2="1">
    <subfield code="a">New York City :</subfield>
    <subfield code="b">Palgrave Macmillan,</subfield>
    <subfield code="c">2015.</subfield>
  </datafield>
  <datafield tag="300" ind1=" " ind2=" ">
    <subfield code="a">x, 286 pages ;</subfield>
    <subfield code="c">23 cm.</subfield>
  </datafield>
  <datafield tag="336" ind1=" " ind2=" ">
    <subfield code="a">text</subfield>
    <subfield code="b">txt</subfield>
    <subfield code="2">rdacontent</subfield>
  </datafield>
  <datafield tag="337" ind1=" " ind2=" ">
    <subfield code="a">unmediated</subfield>
    <subfield code="b">n</subfield>
    <subfield code="2">rdamedia</subfield>
  </datafield>
  <datafield tag="338" ind1=" " ind2=" ">
    <subfield code="a">volume</subfield>
    <subfield code="b">nc</subfield>
    <subfield code="2">rdacarrier</subfield>
  </datafield>
  <datafield tag="490" ind1="0" ind2=" ">
    <subfield code="a">Contemporary African Political Economy</subfield>
  </datafield>
  <datafield tag="504" ind1=" " ind2=" ">
    <subfield code="a">Includes bibliographical references and index.</subfield>
  </datafield>
  <datafield tag="505" ind1="0" ind2="0">
    <subfield code="g">Part I: Socio-cultural processes --</subfield>
    <subfield code="t">Globalization, cybersexuality among Ghanaian youth, and moral panic /</subfield>
    <subfield code="r">Wisdom Tettey --</subfield>
    <subfield code="t">&quot;Marriage is the solution&quot;: born-again Christianity, American global health policy, and the Ugandan effort to prevent HIV/AIDS /</subfield>
    <subfield code="r">Lydia Boyd --</subfield>
    <subfield code="t">Globalization and new Christian geographies in Africa: a cautionary optimism amidst growing Afropessimism /</subfield>
    <subfield code="r">Joseph Mensah --</subfield>
    <subfield code="t">Contemporary Islamic discourses in Senegal: between the local and the global /</subfield>
    <subfield code="r">Mamarame Seck --</subfield>
    <subfield code="t">Language policies in East Africa /</subfield>
    <subfield code="r">Esther Lizanza --</subfield>
    <subfield code="g">Part II: Cultural production --</subfield>
    <subfield code="t">Globalization and African cinema: distribution and reception in the Anglophone region /</subfield>
    <subfield code="r">Martin Mhando --</subfield>
    <subfield code="t">African cultural producers and border thinking: Dennis Brutus, Micere Mugo, Sembene Ousmane and Ngũgĩ wa Thiongʼo /</subfield>
    <subfield code="r">Kari Dahlgren --</subfield>
    <subfield code="t">Missionaries for capital: brand marketers and music sponsorship in Uganda /</subfield>
    <subfield code="r">David Pier --</subfield>
    <subfield code="t">Soul to soul: hip hop, globalization, and Africa /</subfield>
    <subfield code="r">Perry Hall.</subfield>
  </datafield>
  <datafield tag="651" ind1=" " ind2="0">
    <subfield code="a">Africa</subfield>
    <subfield code="x">Social conditions</subfield>
    <subfield code="y">21st century.</subfield>
  </datafield>
  <datafield tag="651" ind1=" " ind2="0">
    <subfield code="a">Africa</subfield>
    <subfield code="x">Social life and customs</subfield>
    <subfield code="y">21st century.</subfield>
  </datafield>
  <datafield tag="651" ind1=" " ind2="0">
    <subfield code="a">Africa</subfield>
    <subfield code="x">Civilization</subfield>
    <subfield code="y">21st century.</subfield>
  </datafield>
  <datafield tag="650" ind1=" " ind2="0">
    <subfield code="a">Globalization</subfield>
    <subfield code="z">Africa.</subfield>
  </datafield>
  <datafield tag="700" ind1="1" ind2=" ">
    <subfield code="a">Sahle, Eunice Njeri,</subfield>
    <subfield code="e">editor.</subfield>
  </datafield>
  <datafield tag="856" ind1="4" ind2="2">
    <subfield code="3">Contributor biographical information</subfield>
    <subfield code="u">https://www.loc.gov/catdir/enhancements/fy1610/2015012231-b.html</subfield>
  </datafield>
  <datafield tag="856" ind1="4" ind2="2">
    <subfield code="3">Publisher description</subfield>
    <subfield code="u">https://www.loc.gov/catdir/enhancements/fy1610/2015012231-d.html</subfield>
  </datafield>
  <datafield tag="985" ind1=" " ind2=" ">
    <subfield code="a">IENCIP</subfield>
    <subfield code="d">2015-03-27</subfield>
  </datafield>
</record>