
<record>
  <leader>01525cam a22003017i 4500</leader>
  <controlfield tag="001">18544070</controlfield>
  <controlfield tag="005">20200103150448.0</controlfield>
  <controlfield tag="008">150327t20162016mau           000 0 eng  </controlfield>
  <datafield tag="906" ind1=" " ind2=" ">
    <subfield code="a">7</subfield>
    <subfield code="b">cbc</subfield>
    <subfield code="c">orignew</subfield>
    <subfield code="d">1</subfield>
    <subfield code="e">ecip</subfield>
    <subfield code="f">20</subfield>
    <subfield code="g">y-gencatlg</subfield>
  </datafield>
  <datafield tag="925" ind1="0" ind2=" ">
    <subfield code="a">acquire</subfield>
    <subfield code="b">1 shelf copy</subfield>
    <subfield code="x">policy default</subfield>
    <subfield code="e">claim1  2015-10-05</subfield>
    <subfield code="e">claim2  2016-02-03</subfield>
  </datafield>
  <datafield tag="955" ind1=" " ind2=" ">
    <subfield code="b">rm15 2015-03-27</subfield>
    <subfield code="i">rm15 2015-03-27 (telework)</subfield>
    <subfield code="a">rm15 2015-04-07 to Dewey</subfield>
    <subfield code="w">xl04 2015-04-07</subfield>
    <subfield code="a">xn11 2016-04-22 1 copy rec&apos;d., to CIP ver.</subfield>
    <subfield code="f">rm06 2016-05-10 to CALM</subfield>
  </datafield>
  <datafield tag="010" ind1=" " ind2=" ">
    <subfield code="a">  2015010574</subfield>
  </datafield>
  <datafield tag="020" ind1=" " ind2=" ">
    <subfield code="a">9781597380485</subfield>
  </datafield>
  <datafield tag="040" ind1=" " ind2=" ">
    <subfield code="a">DLC</subfield>
    <subfield code="b">eng</subfield>
    <subfield code="c">DLC</subfield>
    <subfield code="e">rda</subfield>
    <subfield code="d">DLC</subfield>
  </datafield>
  <datafield tag="050" ind1="0" ind2="0">
    <subfield code="a">BF176.5</subfield>
    <subfield code="b">.B43 2016</subfield>
  </datafield>
  <datafield tag="082" ind1="0" ind2="0">
    <subfield code="a">150.92/2</subfield>
    <subfield code="a">B</subfield>
    <subfield code="2">23</subfield>
  </datafield>
  <datafield tag="130" ind1="0" ind2=" ">
    <subfield code="a">Behaviorial science (Cambridge Center for Behavioral Studies)</subfield>
  </datafield>
  <datafield tag="245" ind1="1" ind2="0">
    <subfield code="a">Behavioral science :</subfield>
    <subfield code="b">tales of inspiration, discovery, and service /</subfield>
    <subfield code="c">edited by Holdsambeck, R.D., Pennypacker, H.S., contributing authors: Ayllon,T., Binder, C., Bondy, A., Calkin, A.B., Daniels, A., Geller, E.S., Holdsmbeck, R.D., Johnson, K., Malott, R., McSween, T., Mechner, F., Pennypacker, H.S., Pryor, K., Salzinger, K., Sidman, M., Smith, T., Sulzer-Azaroff, B., Thompson, T.</subfield>
  </datafield>
  <datafield tag="264" ind1=" " ind2="1">
    <subfield code="a">Beverly, MA :</subfield>
    <subfield code="b">Cambridge Center for Behavioral Studies,</subfield>
    <subfield code="c">2016.</subfield>
  </datafield>
  <datafield tag="264" ind1=" " ind2="4">
    <subfield code="c">©2016</subfield>
  </datafield>
  <datafield tag="300" ind1=" " ind2=" ">
    <subfield code="a">xi, 338 pages ;</subfield>
    <subfield code="c">25 cm</subfield>
  </datafield>
  <datafield tag="336" ind1=" " ind2=" ">
    <subfield code="a">text</subfield>
    <subfield code="2">rdacontent</subfield>
  </datafield>
  <datafield tag="337" ind1=" " ind2=" ">
    <subfield code="a">unmediated</subfield>
    <subfield code="2">rdamedia</subfield>
  </datafield>
  <datafield tag="338" ind1=" " ind2=" ">
    <subfield code="a">volume</subfield>
    <subfield code="2">rdacarrier</subfield>
  </datafield>
  <datafield tag="650" ind1=" " ind2="0">
    <subfield code="a">Behavioral assessment</subfield>
    <subfield code="x">History.</subfield>
  </datafield>
  <datafield tag="650" ind1=" " ind2="0">
    <subfield code="a">Behavioral scientists</subfield>
    <subfield code="v">Case studies.</subfield>
  </datafield>
  <datafield tag="700" ind1="1" ind2=" ">
    <subfield code="a">Holdsambeck, Rob.</subfield>
  </datafield>
  <datafield tag="700" ind1="1" ind2=" ">
    <subfield code="a">Pennypacker, H. S.</subfield>
    <subfield code="q">(Henry S.)</subfield>
  </datafield>
</record>