
<record>
  <leader>02853cam a22003497i 4500</leader>
  <controlfield tag="001">18547931</controlfield>
  <controlfield tag="005">20200103120555.0</controlfield>
  <controlfield tag="008">150330s2015    nyu           000 0 eng  </controlfield>
  <datafield tag="906" ind1=" " ind2=" ">
    <subfield code="a">7</subfield>
    <subfield code="b">cbc</subfield>
    <subfield code="c">orignew</subfield>
    <subfield code="d">1</subfield>
    <subfield code="e">ecip</subfield>
    <subfield code="f">20</subfield>
    <subfield code="g">y-gencatlg</subfield>
  </datafield>
  <datafield tag="925" ind1="0" ind2=" ">
    <subfield code="a">acquire</subfield>
    <subfield code="b">1 shelf copy</subfield>
    <subfield code="x">policy default</subfield>
    <subfield code="e">claim1  2016-02-03</subfield>
    <subfield code="e">claim2  2016-06-24</subfield>
    <subfield code="e">to CAD  2016-10-06</subfield>
  </datafield>
  <datafield tag="955" ind1=" " ind2=" ">
    <subfield code="b">rk11 2015-03-30</subfield>
    <subfield code="i">rk11 2015-03-30 ONIX to Dewey</subfield>
    <subfield code="w">xl06 2015-04-02</subfield>
    <subfield code="a">xn11 2017-05-19 1 copy rec&apos;d., to CIP ver.</subfield>
    <subfield code="a">rk20 2017-05-27 book received in ART</subfield>
    <subfield code="f">rk21 2017-07-08 to CALM</subfield>
  </datafield>
  <datafield tag="010" ind1=" " ind2=" ">
    <subfield code="a">  2015011111</subfield>
  </datafield>
  <datafield tag="020" ind1=" " ind2=" ">
    <subfield code="a">9781419716393 (hardback)</subfield>
  </datafield>
  <datafield tag="020" ind1=" " ind2=" ">
    <subfield code="z">9781613128633 (ebook)</subfield>
  </datafield>
  <datafield tag="040" ind1=" " ind2=" ">
    <subfield code="a">DLC</subfield>
    <subfield code="b">eng</subfield>
    <subfield code="c">DLC</subfield>
    <subfield code="e">rda</subfield>
    <subfield code="d">DLC</subfield>
  </datafield>
  <datafield tag="050" ind1="0" ind2="0">
    <subfield code="a">NC1764.5.U62</subfield>
    <subfield code="b">S3835 2015</subfield>
  </datafield>
  <datafield tag="082" ind1="0" ind2="0">
    <subfield code="a">741.5/6973</subfield>
    <subfield code="2">23</subfield>
  </datafield>
  <datafield tag="084" ind1=" " ind2=" ">
    <subfield code="a">CGN000000</subfield>
    <subfield code="a">ART023000</subfield>
    <subfield code="2">bisacsh</subfield>
  </datafield>
  <datafield tag="100" ind1="1" ind2=" ">
    <subfield code="a">Kidd, Chip,</subfield>
    <subfield code="e">author.</subfield>
  </datafield>
  <datafield tag="245" ind1="1" ind2="0">
    <subfield code="a">Only what&apos;s necessary :</subfield>
    <subfield code="b">Charles M. Schulz and the art of Peanuts /</subfield>
    <subfield code="c">Text, art direction, and design by Chip Kidd ; Photography by Geoff Spear ; Introduction by Jeff Kinney ; Additional text by Jean Schulz, Karen Johnson, and Paige Braddock ; Images courtesy of the Charles M. Schulz Museum and Research Center.</subfield>
  </datafield>
  <datafield tag="264" ind1=" " ind2="1">
    <subfield code="a">New York, NY :</subfield>
    <subfield code="b">Abrams ComicArts,</subfield>
    <subfield code="c">2015.</subfield>
  </datafield>
  <datafield tag="300" ind1=" " ind2=" ">
    <subfield code="a">1 volume (unpaged) :</subfield>
    <subfield code="b">chiefly illustrations (some color) ;</subfield>
    <subfield code="c">23 x 31 cm</subfield>
  </datafield>
  <datafield tag="336" ind1=" " ind2=" ">
    <subfield code="a">text</subfield>
    <subfield code="2">rdacontent</subfield>
  </datafield>
  <datafield tag="337" ind1=" " ind2=" ">
    <subfield code="a">unmediated</subfield>
    <subfield code="2">rdamedia</subfield>
  </datafield>
  <datafield tag="338" ind1=" " ind2=" ">
    <subfield code="a">volume</subfield>
    <subfield code="2">rdacarrier</subfield>
  </datafield>
  <datafield tag="520" ind1=" " ind2=" ">
    <subfield code="a">&quot;Charles M. Schulz (1922-2000) believed that the key to cartooning was to take out the extraneous details and leave in &quot;only what&apos;s necessary.&quot; For fifty years, from October 2, 1950, to February 13, 2000, Schulz wrote and illustrated Peanuts, the single most popular and influential comic strip in the world. In all, 17,897 strips were published, making it &quot;arguably the longest story ever told by one human being,&quot; according to Robert Thompson, professor of popular culture at Syracuse University. For Only What&apos;s Necessary: Charles M. Schulz and the Art of Peanuts, renowned designer Chip Kidd was granted unprecedented access to the extraordinary archives of the Charles M. Schulz Museum and Research Center in Santa Rosa, California. Reproducing the best of the Peanuts newspaper strip, all shot from the original art by award-winning photographer Geoff Spear, Only What&apos;s Necessary also features exclusive, rare, and unpublished original art and developmental work--much of which has never been seen before&quot;--</subfield>
    <subfield code="c">Provided by publisher.</subfield>
  </datafield>
  <datafield tag="600" ind1="1" ind2="0">
    <subfield code="a">Schulz, Charles M.</subfield>
    <subfield code="q">(Charles Monroe),</subfield>
    <subfield code="d">1922-2000</subfield>
    <subfield code="x">Criticism and interpretation.</subfield>
  </datafield>
  <datafield tag="600" ind1="1" ind2="0">
    <subfield code="a">Schulz, Charles M.</subfield>
    <subfield code="q">(Charles Monroe),</subfield>
    <subfield code="d">1922-2000.</subfield>
    <subfield code="t">Peanuts.</subfield>
  </datafield>
  <datafield tag="650" ind1=" " ind2="7">
    <subfield code="a">COMICS &amp; GRAPHIC NOVELS / General.</subfield>
    <subfield code="2">bisacsh</subfield>
  </datafield>
  <datafield tag="650" ind1=" " ind2="7">
    <subfield code="a">ART / Popular Culture.</subfield>
    <subfield code="2">bisacsh</subfield>
  </datafield>
  <datafield tag="700" ind1="1" ind2="2">
    <subfield code="a">Schulz, Charles M.</subfield>
    <subfield code="q">(Charles Monroe),</subfield>
    <subfield code="d">1922-2000.</subfield>
    <subfield code="t">Peanuts.</subfield>
    <subfield code="k">Selections.</subfield>
  </datafield>
  <datafield tag="710" ind1="2" ind2=" ">
    <subfield code="a">Charles M. Schulz Museum and Research Center.</subfield>
  </datafield>
</record>