
<record>
  <leader>04749cam a22003617a 4500</leader>
  <controlfield tag="001">18567762</controlfield>
  <controlfield tag="005">20200103120557.0</controlfield>
  <controlfield tag="008">150408s2015    enk      b    001 0 eng  </controlfield>
  <datafield tag="906" ind1=" " ind2=" ">
    <subfield code="a">7</subfield>
    <subfield code="b">cbc</subfield>
    <subfield code="c">copycat</subfield>
    <subfield code="d">2</subfield>
    <subfield code="e">ncip</subfield>
    <subfield code="f">20</subfield>
    <subfield code="g">y-gencatlg</subfield>
  </datafield>
  <datafield tag="925" ind1="0" ind2=" ">
    <subfield code="a">acquire</subfield>
    <subfield code="b">2 shelf copies</subfield>
    <subfield code="x">policy default</subfield>
  </datafield>
  <datafield tag="955" ind1=" " ind2=" ">
    <subfield code="b">rm05 2016-04-13 z-processor</subfield>
    <subfield code="i">rm05 2016-04-18 to Dewey</subfield>
    <subfield code="t">xn12 2016-06-20 copy 2 added</subfield>
    <subfield code="a">xn12 2016-12-23 copy 2 to CALM</subfield>
  </datafield>
  <datafield tag="010" ind1=" " ind2=" ">
    <subfield code="a">  2015938193</subfield>
  </datafield>
  <datafield tag="020" ind1=" " ind2=" ">
    <subfield code="a">9780198739005</subfield>
  </datafield>
  <datafield tag="020" ind1=" " ind2=" ">
    <subfield code="a">0198739001</subfield>
  </datafield>
  <datafield tag="040" ind1=" " ind2=" ">
    <subfield code="a">DLC</subfield>
    <subfield code="c">DLC</subfield>
    <subfield code="d">DLC</subfield>
  </datafield>
  <datafield tag="050" ind1="0" ind2="0">
    <subfield code="a">HG8075</subfield>
    <subfield code="b">.C67 2015</subfield>
  </datafield>
  <datafield tag="082" ind1="0" ind2="4">
    <subfield code="a">368</subfield>
    <subfield code="2">23</subfield>
  </datafield>
  <datafield tag="245" ind1="0" ind2="0">
    <subfield code="a">Corporate forms and organizational choice in international insurance /</subfield>
    <subfield code="c">edited by Robin Pearson and Takau Yoneyama.</subfield>
  </datafield>
  <datafield tag="250" ind1=" " ind2=" ">
    <subfield code="a">First edition.</subfield>
  </datafield>
  <datafield tag="260" ind1=" " ind2=" ">
    <subfield code="a">Oxford, United Kingdom :</subfield>
    <subfield code="b">Oxford University Press</subfield>
    <subfield code="c">2015.</subfield>
  </datafield>
  <datafield tag="300" ind1=" " ind2=" ">
    <subfield code="a">xviii, 330 pages ;</subfield>
    <subfield code="c">24 cm</subfield>
  </datafield>
  <datafield tag="336" ind1=" " ind2=" ">
    <subfield code="a">text</subfield>
    <subfield code="b">txt</subfield>
    <subfield code="2">rdacontent</subfield>
  </datafield>
  <datafield tag="337" ind1=" " ind2=" ">
    <subfield code="a">unmediated</subfield>
    <subfield code="b">n</subfield>
    <subfield code="2">rdamedia</subfield>
  </datafield>
  <datafield tag="338" ind1=" " ind2=" ">
    <subfield code="a">volume</subfield>
    <subfield code="b">nc</subfield>
    <subfield code="2">rdacarrier</subfield>
  </datafield>
  <datafield tag="504" ind1=" " ind2=" ">
    <subfield code="a">Includes bibliographical references and index.</subfield>
  </datafield>
  <datafield tag="505" ind1="0" ind2=" ">
    <subfield code="a">Corporate forms and organizational choice in international insurance : an overview of the history and theory / Robin Pearson and Takau Yoneyama -- Tsuneta Yano, founder of the first mutual company in Japan : was he an obstinate mutualist? / Takau Yoneyama -- Organizational choice in UK marine insurance / Robin Pearson and Helen Doe -- Risk management by Mitsubishi : from self-insurance to captive insurance / Hisaaki Kamiya -- The survival and success of Swedish mutual insurers / Mats Larsson and Mikael Lönnborg -- Organizational forms in insurance : a comparison of the USA and Germany during industrialization / Robin Pearson -- The world insured South Africa : early insurance activities of insurance companies in South Africa, 1820-1910 / Grietjie Verhoef -- Business strategies under conditions of uncertainty : the rise of mutual life insurers in colonial Australia / Monica Keneley -- Support for mutual insurance companies during the Franco dictatorship (1939-75) / Jerònia Pons Pons -- The development of the mutual form and its influence on the life insurance industry : evidence from Japan during the period 1881 to 1935 / YingYing Jiang -- Growth performance and organizational forms : the case of Swedish life insurance, 1890-1950 / Magnus Lindmark and Lars Fredrik Andersson -- An attempt by a Black mutual life insurance company to demutualize : the case of Golden State Mutual of Los Angeles / Natsuki Kinoshita -- The insurance demutualization process develops in Spain with Mapfre / Leonardo Caruana de la Cagigas.</subfield>
  </datafield>
  <datafield tag="520" ind1="8" ind2=" ">
    <subfield code="a">Given the infinite variety of risks throughout history, it is perhaps unsurprising that insurance - the world&apos;s primary risk mitigation industry - developed a wide range of organisational forms by which it was delivered. Yet we know little about how and why different forms were chosen in the past, or why they survived or disappeared. This book is the first to examine the development of multiple organisational forms in insurance from an historical and international comparative context, and to relate historical analysis to modern organisational theory. Thirteen chapters cover eight major markets, US, UK, Germany, Japan, Spain, Sweden, Australia, South Africa, which together account for over half of all world insurance today. Each chapter is authored by an expert in their field, and several include new datasets. Major themes covered are the variety, choice, governance and regulation of organisational forms in insurance, the experience of mutual insurance in frontier economies and uncertain political environments, the long-run business performance of different organisational forms, and the problems surrounding the demutualization of modern insurance companies.0The book suggests the need for important revisions to current organisational theory, and it highlights several explanatory factors that have received little attention from scholars. These include the importance of regulation and the role of the state in shaping the organisational landscape of insurance at different times and places; the role of entrepreneurship in organisational choice; the utility of organisational forms as a risk management device, and the significance of cultural preferences in the selection of organisational forms.</subfield>
  </datafield>
  <datafield tag="650" ind1=" " ind2="0">
    <subfield code="a">Insurance.</subfield>
  </datafield>
  <datafield tag="700" ind1="1" ind2=" ">
    <subfield code="a">Pearson, Robin,</subfield>
    <subfield code="d">1955-</subfield>
    <subfield code="e">editor.</subfield>
  </datafield>
  <datafield tag="700" ind1="1" ind2=" ">
    <subfield code="a">Yoneyama, Takau,</subfield>
    <subfield code="d">1953-</subfield>
    <subfield code="e">editor.</subfield>
  </datafield>
  <datafield tag="856" ind1="4" ind2="2">
    <subfield code="3">Contributor biographical information</subfield>
    <subfield code="u">https://www.loc.gov/catdir/enhancements/fy1614/2015938193-b.html</subfield>
  </datafield>
  <datafield tag="856" ind1="4" ind2="2">
    <subfield code="3">Publisher description</subfield>
    <subfield code="u">https://www.loc.gov/catdir/enhancements/fy1614/2015938193-d.html</subfield>
  </datafield>
  <datafield tag="856" ind1="4" ind2="1">
    <subfield code="3">Table of contents only</subfield>
    <subfield code="u">https://www.loc.gov/catdir/enhancements/fy1614/2015938193-t.html</subfield>
  </datafield>
</record>