
<record>
  <leader>03222cam a22004217i 4500</leader>
  <controlfield tag="001">18570954</controlfield>
  <controlfield tag="005">20200103120558.0</controlfield>
  <controlfield tag="008">150410s2015    nyu      b    001 0 eng  </controlfield>
  <datafield tag="906" ind1=" " ind2=" ">
    <subfield code="a">7</subfield>
    <subfield code="b">cbc</subfield>
    <subfield code="c">orignew</subfield>
    <subfield code="d">1</subfield>
    <subfield code="e">ecip</subfield>
    <subfield code="f">20</subfield>
    <subfield code="g">y-gencatlg</subfield>
  </datafield>
  <datafield tag="925" ind1="0" ind2=" ">
    <subfield code="a">acquire</subfield>
    <subfield code="b">1 shelf copy</subfield>
    <subfield code="x">policy default</subfield>
    <subfield code="e">claim1  2015-10-05</subfield>
  </datafield>
  <datafield tag="955" ind1=" " ind2=" ">
    <subfield code="b">rm13 2015-04-10</subfield>
    <subfield code="i">rm13 2015-04-10 ONIX (telework)</subfield>
    <subfield code="w">xb07 2015-04-10</subfield>
    <subfield code="a">xn05 2015-12-07 1 copy rec&apos;d., to CIP ver.</subfield>
    <subfield code="f">rm06 2015-12-28 to CALM</subfield>
  </datafield>
  <datafield tag="010" ind1=" " ind2=" ">
    <subfield code="a">  2015014219</subfield>
  </datafield>
  <datafield tag="020" ind1=" " ind2=" ">
    <subfield code="a">9781137527493 (hardback)</subfield>
  </datafield>
  <datafield tag="020" ind1=" " ind2=" ">
    <subfield code="a">9781137321879 (paperback)</subfield>
  </datafield>
  <datafield tag="040" ind1=" " ind2=" ">
    <subfield code="a">DLC</subfield>
    <subfield code="b">eng</subfield>
    <subfield code="c">DLC</subfield>
    <subfield code="e">rda</subfield>
    <subfield code="d">DLC</subfield>
  </datafield>
  <datafield tag="050" ind1="0" ind2="0">
    <subfield code="a">HQ1154</subfield>
    <subfield code="b">.I67 2015</subfield>
  </datafield>
  <datafield tag="082" ind1="0" ind2="0">
    <subfield code="a">305.42</subfield>
    <subfield code="2">23</subfield>
  </datafield>
  <datafield tag="084" ind1=" " ind2=" ">
    <subfield code="a">SOC028000</subfield>
    <subfield code="a">SOC032000</subfield>
    <subfield code="2">bisacsh</subfield>
  </datafield>
  <datafield tag="130" ind1="0" ind2=" ">
    <subfield code="a">Introducing women&apos;s studies.</subfield>
  </datafield>
  <datafield tag="245" ind1="0" ind2="0">
    <subfield code="a">Introducing gender and women&apos;s studies /</subfield>
    <subfield code="c">edited by Victoria Robinson and Diane Richardson.</subfield>
  </datafield>
  <datafield tag="250" ind1=" " ind2=" ">
    <subfield code="a">Fourth edition.</subfield>
  </datafield>
  <datafield tag="264" ind1=" " ind2="1">
    <subfield code="a">New York :</subfield>
    <subfield code="b">Palgrave Macmillan,</subfield>
    <subfield code="c">2015.</subfield>
  </datafield>
  <datafield tag="300" ind1=" " ind2=" ">
    <subfield code="a">xxvii, 347 pages ;</subfield>
    <subfield code="c">24 cm</subfield>
  </datafield>
  <datafield tag="336" ind1=" " ind2=" ">
    <subfield code="a">text</subfield>
    <subfield code="2">rdacontent</subfield>
  </datafield>
  <datafield tag="337" ind1=" " ind2=" ">
    <subfield code="a">unmediated</subfield>
    <subfield code="2">rdamedia</subfield>
  </datafield>
  <datafield tag="338" ind1=" " ind2=" ">
    <subfield code="a">volume</subfield>
    <subfield code="2">rdacarrier</subfield>
  </datafield>
  <datafield tag="500" ind1=" " ind2=" ">
    <subfield code="a">Revised edition of Introducing gender and women&apos;s studies, 2008.</subfield>
  </datafield>
  <datafield tag="504" ind1=" " ind2=" ">
    <subfield code="a">Includes bibliographical references (pages 275-329) and index.</subfield>
  </datafield>
  <datafield tag="520" ind1=" " ind2=" ">
    <subfield code="a">&quot;Written by a host of internationally renowned experts, this substantially revised new edition provides an important overview of gender and feminism today. The 4th edition combines classic and new work, looking at intersectionality, masculinity theory and the environment, whilst offering insightful comparisons of global examples. &quot;--</subfield>
    <subfield code="c">Provided by publisher.</subfield>
  </datafield>
  <datafield tag="505" ind1="8" ind2=" ">
    <subfield code="a">Machine generated contents note: -- SECTION I: THEORY AND POLITICS -- 1. Conceptualizing Gender; Diane Richardson -- 2. Feminist Theories; Sally Hines -- 3. Feminist Politics: From Activism to Representation; Nickie Charles -- 4. Masculinity Studies, Gender Relations and Feminism; Victoria Robinson -- 5. Gender Sensitive Method/ologies; Gayle Letherby -- SECTION II: BODIES -IDENTITIES -- 6. Gendered Bodies: Gendered Lives; Kath Woodward -- 7. Violence Against Women; Liz Kelly -- 8. Racing the Feminist Agenda: Exploring the Intersections Between Race, Ethnicity and Gender; Kate Reed -- 9. Sexuality; Priscilla Dunk-West and Heather Brook -- SECTION III: INSTITUTIONS -- 10. Families, Domesticity and Intimacy: Changing Relationships in Changing Times; Stevi Jackson -- 11. Postfeminist Educational Media Panics, Girl Power and the Problem/Promise of &apos;Successful Girls&apos;; Jessica Ringrose and Debbie Epstein -- 12. Transformation and Persistence in the Gender Division of Work; Zoe Irving -- SECTION IV: CULTURES AND CONTEXT -- 13. Media and Popular Culture; Ruth Holliday -- 14. Gender and Environment: Feminist Thought, Politics and Practice; Dianne Rocheleau and Padini Nirmal.</subfield>
  </datafield>
  <datafield tag="650" ind1=" " ind2="0">
    <subfield code="a">Women</subfield>
    <subfield code="x">Social conditions.</subfield>
  </datafield>
  <datafield tag="650" ind1=" " ind2="0">
    <subfield code="a">Women&apos;s studies.</subfield>
  </datafield>
  <datafield tag="650" ind1=" " ind2="0">
    <subfield code="a">Feminist theory.</subfield>
  </datafield>
  <datafield tag="650" ind1=" " ind2="7">
    <subfield code="a">SOCIAL SCIENCE / Women&apos;s Studies.</subfield>
    <subfield code="2">bisacsh</subfield>
  </datafield>
  <datafield tag="650" ind1=" " ind2="7">
    <subfield code="a">SOCIAL SCIENCE / Gender Studies.</subfield>
    <subfield code="2">bisacsh</subfield>
  </datafield>
  <datafield tag="700" ind1="1" ind2=" ">
    <subfield code="a">Robinson, Victoria,</subfield>
    <subfield code="d">1959-</subfield>
  </datafield>
  <datafield tag="700" ind1="1" ind2=" ">
    <subfield code="a">Richardson, Diane,</subfield>
    <subfield code="d">1953-</subfield>
  </datafield>
  <datafield tag="856" ind1="4" ind2="2">
    <subfield code="3">Cover image</subfield>
    <subfield code="u">http://www.netread.com/jcusers2/bk1388/879/9781137321879/image/lgcover.9781137321879.jpg</subfield>
  </datafield>
</record>