
<record>
  <leader>04404cam a22003257i 4500</leader>
  <controlfield tag="001">18570983</controlfield>
  <controlfield tag="005">20200103120559.0</controlfield>
  <controlfield tag="008">150410s2015    pau      b    001 0 eng  </controlfield>
  <datafield tag="906" ind1=" " ind2=" ">
    <subfield code="a">7</subfield>
    <subfield code="b">cbc</subfield>
    <subfield code="c">orignew</subfield>
    <subfield code="d">1</subfield>
    <subfield code="e">ecip</subfield>
    <subfield code="f">20</subfield>
    <subfield code="g">y-gencatlg</subfield>
  </datafield>
  <datafield tag="925" ind1="0" ind2=" ">
    <subfield code="a">acquire</subfield>
    <subfield code="b">1 shelf copy</subfield>
    <subfield code="x">policy default</subfield>
  </datafield>
  <datafield tag="955" ind1=" " ind2=" ">
    <subfield code="b">rm13 2015-04-10</subfield>
    <subfield code="i">rm13 2015-04-10 (telework)</subfield>
    <subfield code="w">xl03 2015-04-16</subfield>
    <subfield code="a">xn12 2015-08-03 1 copy rec&apos;d., to CIP ver.</subfield>
    <subfield code="f">rm06 2016-06-15 to CALM</subfield>
  </datafield>
  <datafield tag="010" ind1=" " ind2=" ">
    <subfield code="a">  2015014300</subfield>
  </datafield>
  <datafield tag="020" ind1=" " ind2=" ">
    <subfield code="a">9781466685536 (hardcover)</subfield>
  </datafield>
  <datafield tag="020" ind1=" " ind2=" ">
    <subfield code="z">9781466685543 (ebook)</subfield>
  </datafield>
  <datafield tag="040" ind1=" " ind2=" ">
    <subfield code="a">DLC</subfield>
    <subfield code="b">eng</subfield>
    <subfield code="c">DLC</subfield>
    <subfield code="e">rda</subfield>
    <subfield code="d">DLC</subfield>
  </datafield>
  <datafield tag="050" ind1="0" ind2="0">
    <subfield code="a">H97</subfield>
    <subfield code="b">.M3675 2015</subfield>
  </datafield>
  <datafield tag="082" ind1="0" ind2="0">
    <subfield code="a">352.3/4</subfield>
    <subfield code="2">23</subfield>
  </datafield>
  <datafield tag="245" ind1="0" ind2="0">
    <subfield code="a">Management and participation in the public sphere /</subfield>
    <subfield code="c">Mika Markus Merviö, Kibi International University, Japan.</subfield>
  </datafield>
  <datafield tag="264" ind1=" " ind2="1">
    <subfield code="a">Hershey :</subfield>
    <subfield code="b">Information Science Reference, An Imprint of IGI Global,</subfield>
    <subfield code="c">[2015]</subfield>
  </datafield>
  <datafield tag="300" ind1=" " ind2=" ">
    <subfield code="a">xviii, 399 pages ;</subfield>
    <subfield code="c">29 cm.</subfield>
  </datafield>
  <datafield tag="336" ind1=" " ind2=" ">
    <subfield code="a">text</subfield>
    <subfield code="2">rdacontent</subfield>
  </datafield>
  <datafield tag="337" ind1=" " ind2=" ">
    <subfield code="a">unmediated</subfield>
    <subfield code="2">rdamedia</subfield>
  </datafield>
  <datafield tag="338" ind1=" " ind2=" ">
    <subfield code="a">volume</subfield>
    <subfield code="2">rdacarrier</subfield>
  </datafield>
  <datafield tag="490" ind1="0" ind2=" ">
    <subfield code="a">A volume in the Advances in Public Policy and Administration (APPA) Book Series</subfield>
  </datafield>
  <datafield tag="504" ind1=" " ind2=" ">
    <subfield code="a">Includes bibliographical references (pages 355-391) and index.</subfield>
  </datafield>
  <datafield tag="505" ind1="0" ind2=" ">
    <subfield code="a">Preface -- The four paradigms of archival history and the challenges of the future / Iván Székely, Open Society Archives at Central European University, Hungary -- Elements, orders, and modes of governance in the development of Finnish Wolf policy / Dr. Outi Ratamäki, Finnish Environment Institute, Environmental Policy Centre, Green Infrastructure Unit and University of Eastern Finland, Faculty of Social Sciences and Business Studies, Department of Geographical and Historical Studies -- In Putin&apos;s Russia, information has you : media control and internet censorship in the Russian Federation / Katherine Ognyanova, Northeastern University -- Citizens, policy co-production, politics, and the public sphere / Mary Griffiths, University of Adelaide -- The study of young people&apos;s civic participation on the internet : appraising an emerging research field / Fadi Hirzalla, Independent researcher / Shakuntala Banaji, London School of Economics and political science -- When the history turns stronger than the rhetoric : the journalistic culture drives over democracy ideals in Namibia and Tanzania / Ullamaija Kivikuru, University of Helsinki, Finland -- Further down the virtual vines : managing community-based work in virtual public spaces / Marianne LeGreco, University of North Carolina at Greensboro, Michelle Ferrier, Ohio University, Dawn Leonard, Dawn Leonard Design -- Before smart phones and social media : exploring camera phones and user-generated images in the 2000s / Bilge Yesil, College of Staten Island -- Interrogating and reimagining the virtual public sphere in developing countries / Veena Raman, Pennsylvania State University -- Online activism and the Arab public sphere : the case of youtube and human rights campaigns / Aziz Douai, University of Ontario Institute of Technology -- Israel&apos;s higher education innovation policy : was or dreamed a dream? / Milly Perry, The Open University -- Enhancing information services through public-private partnerships : information technology knowledge transfer underlying structures to promote civic engagement / Seok-Jin Eom, Seoul National University, Republic of Korea, Jane Fountain, National Center for Digital Government and University of Massachusetts Amherst, USA -- Materialistic values and impulsive behavior in the purchasing process between genders / Irene Samanta, Graduate Technological Education Institute of Piraeus -- Voicing the subaltern in the public sphere : the case of museum in a suitcase / Dalya Yafa Markovich, Beit Berl College -- Constructing multicultural society on web : minorities on information society / Vildan Mahmutoglu, Galatasaray University -- TV license refusal and competition policy in Hong Kong : what is the scope of public participation? / Knut Fournier, City University of Hong Kong -- Author biographies -- Index.</subfield>
  </datafield>
  <datafield tag="520" ind1=" " ind2=" ">
    <subfield code="a">&quot;This book is a definitive reference source for the latest scholarly research on the interplay of public affairs and the domestic realm, providing innovative methods on managing public policy across various nations, cultures, and governments&quot;--</subfield>
    <subfield code="c">Provided by publisher.</subfield>
  </datafield>
  <datafield tag="650" ind1=" " ind2="0">
    <subfield code="a">Political planning.</subfield>
  </datafield>
  <datafield tag="650" ind1=" " ind2="0">
    <subfield code="a">Social participation.</subfield>
  </datafield>
  <datafield tag="700" ind1="1" ind2=" ">
    <subfield code="a">Mervio, Mika Markus,</subfield>
    <subfield code="d">1961-</subfield>
    <subfield code="e">editor.</subfield>
  </datafield>
</record>