
<record>
  <leader>04551cam a22004697i 4500</leader>
  <controlfield tag="001">18575998</controlfield>
  <controlfield tag="005">20200103104251.0</controlfield>
  <controlfield tag="008">150415t20152015enkaf    b    001 0 eng d</controlfield>
  <datafield tag="906" ind1=" " ind2=" ">
    <subfield code="a">7</subfield>
    <subfield code="b">cbc</subfield>
    <subfield code="c">copycat</subfield>
    <subfield code="d">2</subfield>
    <subfield code="e">ncip</subfield>
    <subfield code="f">20</subfield>
    <subfield code="g">y-gencatlg</subfield>
  </datafield>
  <datafield tag="925" ind1="0" ind2=" ">
    <subfield code="a">acquire</subfield>
    <subfield code="b">1 shelf copy</subfield>
    <subfield code="x">policy default</subfield>
  </datafield>
  <datafield tag="955" ind1=" " ind2=" ">
    <subfield code="b">rl04 2015-04-15 z-processor</subfield>
    <subfield code="a">rl00 2015-04-15 to SMA</subfield>
    <subfield code="i">xg16 2015-05-19 to BCCD</subfield>
  </datafield>
  <datafield tag="010" ind1=" " ind2=" ">
    <subfield code="a">  2014451101</subfield>
  </datafield>
  <datafield tag="020" ind1=" " ind2=" ">
    <subfield code="a">9781908230546 (hardback)</subfield>
  </datafield>
  <datafield tag="020" ind1=" " ind2=" ">
    <subfield code="a">1908230541 (hardback)</subfield>
  </datafield>
  <datafield tag="020" ind1=" " ind2=" ">
    <subfield code="z">9781908230553 (ebk.)</subfield>
  </datafield>
  <datafield tag="035" ind1=" " ind2=" ">
    <subfield code="a">(OCoLC)ocn880861756</subfield>
  </datafield>
  <datafield tag="040" ind1=" " ind2=" ">
    <subfield code="a">YDXCP</subfield>
    <subfield code="b">eng</subfield>
    <subfield code="c">YDXCP</subfield>
    <subfield code="d">BTCTA</subfield>
    <subfield code="d">OCLCQ</subfield>
    <subfield code="d">OCLCO</subfield>
    <subfield code="d">IPU</subfield>
    <subfield code="d">UAB</subfield>
    <subfield code="d">CUS</subfield>
    <subfield code="d">OCLCF</subfield>
    <subfield code="d">DLC</subfield>
    <subfield code="e">rda</subfield>
  </datafield>
  <datafield tag="042" ind1=" " ind2=" ">
    <subfield code="a">lccopycat</subfield>
  </datafield>
  <datafield tag="050" ind1="0" ind2="0">
    <subfield code="a">RM267</subfield>
    <subfield code="b">.A528 2015</subfield>
  </datafield>
  <datafield tag="060" ind1=" " ind2="4">
    <subfield code="a">QV 350 A6295 2015</subfield>
  </datafield>
  <datafield tag="082" ind1="0" ind2="4">
    <subfield code="a">615.3/29</subfield>
    <subfield code="2">23</subfield>
  </datafield>
  <datafield tag="245" ind1="0" ind2="0">
    <subfield code="a">Antibiotics :</subfield>
    <subfield code="b">current innovations and future trends /</subfield>
    <subfield code="c">edited by Sergio Sánchez, Departamento de Biologia Molecular y Biotecnologia, Instituto de Investigaciones Biomedicas, Universidad Nacional Autonoma de Mexico, Mexico, DF, Mexico, and Arnold L. Demain, Research Institute for Scientists Emeriti (RISE), Drew University, Madison, NJ, USA.</subfield>
  </datafield>
  <datafield tag="264" ind1=" " ind2="1">
    <subfield code="a">Norfolk, U.K. :</subfield>
    <subfield code="b">Caister Academic Press,</subfield>
    <subfield code="c">[2015]</subfield>
  </datafield>
  <datafield tag="264" ind1=" " ind2="4">
    <subfield code="c">©2015</subfield>
  </datafield>
  <datafield tag="300" ind1=" " ind2=" ">
    <subfield code="a">ix, 429 pages, 11 pages of color plates :</subfield>
    <subfield code="b">illustrations (some color) ;</subfield>
    <subfield code="c">26 cm.</subfield>
  </datafield>
  <datafield tag="336" ind1=" " ind2=" ">
    <subfield code="a">text</subfield>
    <subfield code="b">txt</subfield>
    <subfield code="2">rdacontent</subfield>
  </datafield>
  <datafield tag="336" ind1=" " ind2=" ">
    <subfield code="a">still image</subfield>
    <subfield code="b">sti</subfield>
    <subfield code="2">rdacontent</subfield>
  </datafield>
  <datafield tag="337" ind1=" " ind2=" ">
    <subfield code="a">unmediated</subfield>
    <subfield code="b">n</subfield>
    <subfield code="2">rdamedia</subfield>
  </datafield>
  <datafield tag="338" ind1=" " ind2=" ">
    <subfield code="a">volume</subfield>
    <subfield code="b">nc</subfield>
    <subfield code="2">rdacarrier</subfield>
  </datafield>
  <datafield tag="504" ind1=" " ind2=" ">
    <subfield code="a">Includes bibliographical references and index.</subfield>
  </datafield>
  <datafield tag="505" ind1="0" ind2=" ">
    <subfield code="a">Contributors -- Preface -- What is an antibiotic? / Joan Wennstrom Bennett -- Main applications of antibiotics / Biao Ren [and others]. -- Microorganisms producing antibiotics / János Bérdy -- The need for new antibiotics / Arnold L. Demain and Sergio Sánchez -- Tackling antibiotic resistance / Jaroslav Spizek and Vladimir Havlicek - Eradication of dormant pathogens / Kim Lewis, Brian Conlon and Michael LaFleur -- Toxicity of antibacterial drugs / Steven J. Projan -- Overuse of antibiotics: non-medical applications / Nelson Kardos - Antibiotics for emerging and re-emerging diseases / Kazuro Shiomi and Satoshi Ōmura -- Endophytes as a potential source of new antibiotics / Silvia Guzmán-Trampe [and others] -- Antibiotics from microorganisms from hot springs/geysers / Girish B. Mahajan.</subfield>
  </datafield>
  <datafield tag="505" ind1="0" ind2=" ">
    <subfield code="a">New sources of antibiotics: caves / Naowarat Cheeptham and Cesareo Saiz-Jimenez -- Animal venoms as natural resources of antimicrobials / Ramar Perumal Samy [and others] -- New targets for antibacterial compounds / Lynn L. Silver -- Novel antimicrobial and other bioactive metabolites obtained from silent gene clusters / Juan F. Martín and Paloma Liras -- Combinatorial biosynthesis for antibiotic discover / Sung Ryeol Park and Yeo Joon Yoon -- Lantibiotics and other antibacterial peptides / Margherita Sosio and Stefano Donadio -- Antiviral compounds of natural origin / Patricia Veiga -Crespo, Miquel Viñas and Tomás G. Villa -- New compounds with antibacterial activity -- Patricia Veiga-Crespo [and others] -- Use of antibiotic core structures to generate new and useful macrolide antibiotics / Prabhavathi Fernandes -- Antibiotics in the pipeline / Hyunjun Park and Michael Thomas -- Index -- Colour plate.</subfield>
  </datafield>
  <datafield tag="520" ind1=" " ind2=" ">
    <subfield code="a">&quot;In this timely book, respected international experts summarize the most important research to provide an overview of the field [antibiotics]. Opening chapters define &apos;antibiotic&apos;, explain why we need new compounds, outline the applications of antibiotics, both old and new, and describe the producing microbes.  These are followed by chapters that cover antibiotic resistance, toxicity, overuse, new antimicrobial sources, new targets, novel technologies for antibiotic discover (e.g. silent gene clusters), lantibiotics, natural antivirals, new macrolide derivatives, and antibiotics in the pipeline.This book is essential reading for everyone working in antimicrobial research in academia, biotechnology companies, and the pharmaceutical industry and a recommended volume for all microbiology libraries.&quot; --</subfield>
    <subfield code="c">Provided by publisher.</subfield>
  </datafield>
  <datafield tag="650" ind1=" " ind2="0">
    <subfield code="a">Antibiotics.</subfield>
  </datafield>
  <datafield tag="650" ind1=" " ind2="0">
    <subfield code="a">Antibiotics</subfield>
    <subfield code="x">Analysis.</subfield>
  </datafield>
  <datafield tag="650" ind1=" " ind2="0">
    <subfield code="a">Antibiotics industry.</subfield>
  </datafield>
  <datafield tag="650" ind1=" " ind2="2">
    <subfield code="a">Anti-Bacterial Agents.</subfield>
  </datafield>
  <datafield tag="650" ind1=" " ind2="7">
    <subfield code="a">Antibiotics.</subfield>
    <subfield code="2">fast</subfield>
    <subfield code="0">(OCoLC)fst00810420</subfield>
  </datafield>
  <datafield tag="650" ind1=" " ind2="7">
    <subfield code="a">Antibiotics</subfield>
    <subfield code="x">Analysis.</subfield>
    <subfield code="2">fast</subfield>
    <subfield code="0">(OCoLC)fst00810421</subfield>
  </datafield>
  <datafield tag="650" ind1=" " ind2="7">
    <subfield code="a">Antibiotics industry.</subfield>
    <subfield code="2">fast</subfield>
    <subfield code="0">(OCoLC)fst00810449</subfield>
  </datafield>
  <datafield tag="700" ind1="1" ind2=" ">
    <subfield code="a">Sánchez, Sergio Augusto,</subfield>
    <subfield code="d">1984-</subfield>
    <subfield code="e">editor.</subfield>
  </datafield>
  <datafield tag="700" ind1="1" ind2=" ">
    <subfield code="a">Demain, A. L.</subfield>
    <subfield code="q">(Arnold L.),</subfield>
    <subfield code="d">1927-</subfield>
    <subfield code="e">editor.</subfield>
  </datafield>
</record>