
<record>
  <leader>02542cam a22003377i 4500</leader>
  <controlfield tag="001">18576170</controlfield>
  <controlfield tag="005">20200103150449.0</controlfield>
  <controlfield tag="008">150415s2016    okua   j      000 0 eng  </controlfield>
  <datafield tag="906" ind1=" " ind2=" ">
    <subfield code="a">7</subfield>
    <subfield code="b">cbc</subfield>
    <subfield code="c">orignew</subfield>
    <subfield code="d">2</subfield>
    <subfield code="e">epcn</subfield>
    <subfield code="f">20</subfield>
    <subfield code="g">y-gencatlg</subfield>
  </datafield>
  <datafield tag="925" ind1="0" ind2=" ">
    <subfield code="a">acquire</subfield>
    <subfield code="b">1 shelf copy</subfield>
    <subfield code="x">policy default</subfield>
  </datafield>
  <datafield tag="955" ind1=" " ind2=" ">
    <subfield code="a">pc25 2015-04-15</subfield>
    <subfield code="a">xn12 2016-06-28 1 copy rec&apos;d., to USPRLL</subfield>
    <subfield code="i">xk29 2016-11-09 to BCCD</subfield>
  </datafield>
  <datafield tag="010" ind1=" " ind2=" ">
    <subfield code="a">  2015938806</subfield>
  </datafield>
  <datafield tag="020" ind1=" " ind2=" ">
    <subfield code="a">9781610673716</subfield>
  </datafield>
  <datafield tag="040" ind1=" " ind2=" ">
    <subfield code="a">DLC</subfield>
    <subfield code="b">eng</subfield>
    <subfield code="e">rda</subfield>
    <subfield code="c">DLC</subfield>
  </datafield>
  <datafield tag="050" ind1="0" ind2="0">
    <subfield code="a">PS3562.E9465</subfield>
    <subfield code="b">A6 2016</subfield>
  </datafield>
  <datafield tag="082" ind1="0" ind2="0">
    <subfield code="a">811/.54</subfield>
    <subfield code="2">23</subfield>
  </datafield>
  <datafield tag="100" ind1="1" ind2=" ">
    <subfield code="a">Lewis, J. Patrick,</subfield>
    <subfield code="e">author.</subfield>
  </datafield>
  <datafield tag="240" ind1="1" ind2="0">
    <subfield code="a">Poems.</subfield>
    <subfield code="k">Selections</subfield>
  </datafield>
  <datafield tag="245" ind1="1" ind2="0">
    <subfield code="a">Kooky crumbs :</subfield>
    <subfield code="b">poems in praise of dizzy days /</subfield>
    <subfield code="c">written by J. Patrick Lewis ; illustrated by Mary Uhles.</subfield>
  </datafield>
  <datafield tag="250" ind1=" " ind2=" ">
    <subfield code="a">First edition.</subfield>
  </datafield>
  <datafield tag="264" ind1=" " ind2="1">
    <subfield code="a">Tulsa, OK :</subfield>
    <subfield code="b">Kane Miller, A Division of EDC Publishing,</subfield>
    <subfield code="c">[2016]</subfield>
  </datafield>
  <datafield tag="300" ind1=" " ind2=" ">
    <subfield code="a">1 volume (unpaged) :</subfield>
    <subfield code="b">color illustrations ;</subfield>
    <subfield code="c">28 cm</subfield>
  </datafield>
  <datafield tag="336" ind1=" " ind2=" ">
    <subfield code="a">text</subfield>
    <subfield code="b">txt</subfield>
    <subfield code="2">rdacontent</subfield>
  </datafield>
  <datafield tag="336" ind1=" " ind2=" ">
    <subfield code="a">still image</subfield>
    <subfield code="b">sti</subfield>
    <subfield code="2">rdacontent</subfield>
  </datafield>
  <datafield tag="337" ind1=" " ind2=" ">
    <subfield code="a">unmediated</subfield>
    <subfield code="b">n</subfield>
    <subfield code="2">rdamedia</subfield>
  </datafield>
  <datafield tag="338" ind1=" " ind2=" ">
    <subfield code="a">volume</subfield>
    <subfield code="b">nc</subfield>
    <subfield code="2">rdacarrier</subfield>
  </datafield>
  <datafield tag="505" ind1="0" ind2=" ">
    <subfield code="a">The names of Queen Nefertiti (National Hat Day) -- Weather is for the verbs (National Weatherperson&apos;s Day) -- A bicycle built for ten (Inventor&apos;s Day) -- Finger play (World Telecommunications Day) -- Pass the maple syrup (Pancake Day) -- Grape-nuts (National Cereal Day) -- First ever idea for arithmetic (World Math Day) -- Disconnected (National Telephone Day) -- Zipper-up Zack (National Zipper Day) -- The speedy floor lamp (Change a Light Day) -- The impossibles (Make Your Dream Come True Day) -- Uncle Bertie (National Sunscreen Day) -- The longhouse of words (National Pencil Day) -- A kite (Ride the Wind Day) -- In praise of rolling pins (World UFO Day) -- Missing sister (Smoke and Mirrors Day) -- All the hot dogs consumed in major league ball parks... (National Hot Dog Day) -- Two halves of a whole (National Look Alike Day) -- Food fight (Happiness Happens Day) -- Ballad of the potato (National Potato Day) -- Sweeeet! (Hug a Greeting Card Writer Day) -- Our invisible friends (National DNA Day) -- When should we meat? (World Vegetarian Day) -- Advice to the young (International Day of Older Persons) -- Bluffing (National Card Playing Day) -- Vinegrrrrr (National Vinegar Day) -- Outhouses (World Toilet Day) -- For a dentist (Plan Your Epitaph Day) -- Tic-tac-toad (National Sportsmanship Day).</subfield>
  </datafield>
  <datafield tag="650" ind1=" " ind2="0">
    <subfield code="a">Children&apos;s poetry, American.</subfield>
  </datafield>
  <datafield tag="650" ind1=" " ind2="0">
    <subfield code="a">Holidays</subfield>
    <subfield code="v">Juvenile poetry.</subfield>
  </datafield>
  <datafield tag="650" ind1=" " ind2="1">
    <subfield code="a">Nonsense verses.</subfield>
  </datafield>
  <datafield tag="700" ind1="1" ind2=" ">
    <subfield code="a">Uhles, Mary,</subfield>
    <subfield code="d">1972-</subfield>
    <subfield code="e">illustrator.</subfield>
  </datafield>
</record>