
<record>
  <leader>01739cam a2200301 i 4500</leader>
  <controlfield tag="001">18592941</controlfield>
  <controlfield tag="005">20200103102832.0</controlfield>
  <controlfield tag="008">150427s2013    bl abd       f000 0 por  </controlfield>
  <datafield tag="906" ind1=" " ind2=" ">
    <subfield code="a">7</subfield>
    <subfield code="b">cbc</subfield>
    <subfield code="c">origode</subfield>
    <subfield code="d">2</subfield>
    <subfield code="e">ncip</subfield>
    <subfield code="f">20</subfield>
    <subfield code="g">y-gencatlg</subfield>
  </datafield>
  <datafield tag="925" ind1="0" ind2=" ">
    <subfield code="a">acquire</subfield>
    <subfield code="b">1 shelf copy</subfield>
    <subfield code="x">policy default</subfield>
  </datafield>
  <datafield tag="955" ind1=" " ind2=" ">
    <subfield code="a">wr11 2015-04-27</subfield>
    <subfield code="d">bf09 2020-01-02 (telework)</subfield>
    <subfield code="e">bf09 2020-01-03</subfield>
  </datafield>
  <datafield tag="010" ind1=" " ind2=" ">
    <subfield code="a">  2015336526</subfield>
  </datafield>
  <datafield tag="040" ind1=" " ind2=" ">
    <subfield code="a">DLC</subfield>
    <subfield code="b">eng</subfield>
    <subfield code="c">DLC</subfield>
    <subfield code="e">rda</subfield>
  </datafield>
  <datafield tag="042" ind1=" " ind2=" ">
    <subfield code="a">lcode</subfield>
  </datafield>
  <datafield tag="043" ind1=" " ind2=" ">
    <subfield code="a">s-bl---</subfield>
  </datafield>
  <datafield tag="050" ind1="0" ind2="0">
    <subfield code="a">HE653.Z7</subfield>
    <subfield code="b">P3545 2013</subfield>
  </datafield>
  <datafield tag="245" ind1="0" ind2="0">
    <subfield code="a">Plano Nacional de Integração Hidroviária.</subfield>
    <subfield code="p">Bacia Amazônica :</subfield>
    <subfield code="b">relatório executivo : desenvolvimento de estudos e análises das hidrovias brasileiras e sua instalações portuárias com implantação de base de dados georreferenciada e sistema de informações geográficas /</subfield>
    <subfield code="c">ANTAQ, Agência Nacional de Transportes Aquaviários.</subfield>
  </datafield>
  <datafield tag="264" ind1=" " ind2="1">
    <subfield code="a">[Brasília, Distrito Federal, Brazil] :</subfield>
    <subfield code="b">Agência Nacional de Transportes Aquaviários - ANTAQ ;</subfield>
    <subfield code="a">[Florianópolis, Santa Catarina, Brazil] :</subfield>
    <subfield code="b">Laboratório de Transportes e Logística - LABTRANS/UFSC,</subfield>
    <subfield code="c">fevereiro 2013.</subfield>
  </datafield>
  <datafield tag="300" ind1=" " ind2=" ">
    <subfield code="a">xiii, 46 pages :</subfield>
    <subfield code="b">color illustrations, color maps, charts ;</subfield>
    <subfield code="c">30 cm</subfield>
  </datafield>
  <datafield tag="336" ind1=" " ind2=" ">
    <subfield code="a">text</subfield>
    <subfield code="b">txt</subfield>
    <subfield code="2">rdacontent</subfield>
  </datafield>
  <datafield tag="337" ind1=" " ind2=" ">
    <subfield code="a">unmediated</subfield>
    <subfield code="b">n</subfield>
    <subfield code="2">rdamedia</subfield>
  </datafield>
  <datafield tag="338" ind1=" " ind2=" ">
    <subfield code="a">volume</subfield>
    <subfield code="b">nc</subfield>
    <subfield code="2">rdacarrier</subfield>
  </datafield>
  <datafield tag="504" ind1=" " ind2=" ">
    <subfield code="a">Includes bibliographical references (pages</subfield>
  </datafield>
  <datafield tag="650" ind1=" " ind2="0">
    <subfield code="a">Inland water transportation</subfield>
    <subfield code="z">Brazil</subfield>
    <subfield code="z">Amazon River Region.</subfield>
  </datafield>
  <datafield tag="610" ind1="2" ind2="0">
    <subfield code="a">Plano Nacional de Integração Hidroviária (Brazil)</subfield>
  </datafield>
  <datafield tag="710" ind1="2" ind2=" ">
    <subfield code="a">Agência Nacional de Transportes Aquaviários (Brazil),</subfield>
    <subfield code="e">issuing body,</subfield>
    <subfield code="e">sponsoring body.</subfield>
  </datafield>
  <datafield tag="710" ind1="2" ind2=" ">
    <subfield code="a">Universidade Federal de Santa Catarina.</subfield>
    <subfield code="b">Laboratório de Transportes e Logística,</subfield>
    <subfield code="e">issuing body,</subfield>
    <subfield code="e">sponsoring body.</subfield>
  </datafield>
  <datafield tag="985" ind1=" " ind2=" ">
    <subfield code="e">ODE-rj</subfield>
  </datafield>
</record>