
<record>
  <leader>02560cam a22003737i 4500</leader>
  <controlfield tag="001">18598512</controlfield>
  <controlfield tag="005">20200103120610.0</controlfield>
  <controlfield tag="008">150430s2015    nyu      b    001 0 eng  </controlfield>
  <datafield tag="906" ind1=" " ind2=" ">
    <subfield code="a">7</subfield>
    <subfield code="b">cbc</subfield>
    <subfield code="c">orignew</subfield>
    <subfield code="d">1</subfield>
    <subfield code="e">ecip</subfield>
    <subfield code="f">20</subfield>
    <subfield code="g">y-gencatlg</subfield>
  </datafield>
  <datafield tag="925" ind1="0" ind2=" ">
    <subfield code="a">acquire</subfield>
    <subfield code="b">1 shelf copy</subfield>
    <subfield code="x">policy default</subfield>
    <subfield code="e">claim1  2015-12-02</subfield>
    <subfield code="e">claim2  2016-04-05</subfield>
  </datafield>
  <datafield tag="955" ind1=" " ind2=" ">
    <subfield code="b">rl11 2015-04-30</subfield>
    <subfield code="i">rl11 2015-04-30 ONIX to Dewey</subfield>
    <subfield code="w">xl05 2015-05-01 (telework)</subfield>
    <subfield code="a">xn08 2016-04-19 1 copy rec&apos;d., to CIP ver.</subfield>
    <subfield code="a">rl46 2016-04-27 to SMA</subfield>
    <subfield code="f">rl06 2016-07-21 to CALM</subfield>
  </datafield>
  <datafield tag="010" ind1=" " ind2=" ">
    <subfield code="a">  2015015975</subfield>
  </datafield>
  <datafield tag="020" ind1=" " ind2=" ">
    <subfield code="a">9781462521760 (paperback)</subfield>
  </datafield>
  <datafield tag="020" ind1=" " ind2=" ">
    <subfield code="a">9781462521777 (hardcover)</subfield>
  </datafield>
  <datafield tag="040" ind1=" " ind2=" ">
    <subfield code="a">DLC</subfield>
    <subfield code="b">eng</subfield>
    <subfield code="c">DLC</subfield>
    <subfield code="e">rda</subfield>
    <subfield code="d">DLC</subfield>
  </datafield>
  <datafield tag="050" ind1="0" ind2="0">
    <subfield code="a">RC455.4.B5</subfield>
    <subfield code="b">M67 2015</subfield>
  </datafield>
  <datafield tag="082" ind1="0" ind2="0">
    <subfield code="a">616.08</subfield>
    <subfield code="2">23</subfield>
  </datafield>
  <datafield tag="084" ind1=" " ind2=" ">
    <subfield code="a">PSY007000</subfield>
    <subfield code="a">MED018000</subfield>
    <subfield code="a">SOC025000</subfield>
    <subfield code="a">MED105000</subfield>
    <subfield code="2">bisacsh</subfield>
  </datafield>
  <datafield tag="100" ind1="1" ind2=" ">
    <subfield code="a">Morrison, James.</subfield>
  </datafield>
  <datafield tag="245" ind1="1" ind2="0">
    <subfield code="a">When psychological problems mask medical disorders :</subfield>
    <subfield code="b">a guide for psychotherapists /</subfield>
    <subfield code="c">James Morrison.</subfield>
  </datafield>
  <datafield tag="250" ind1=" " ind2=" ">
    <subfield code="a">Second edition.</subfield>
  </datafield>
  <datafield tag="264" ind1=" " ind2="1">
    <subfield code="a">New York :</subfield>
    <subfield code="b">The Guilford Press,</subfield>
    <subfield code="c">[2015]</subfield>
  </datafield>
  <datafield tag="300" ind1=" " ind2=" ">
    <subfield code="a">340 pages ;</subfield>
    <subfield code="c">24 cm</subfield>
  </datafield>
  <datafield tag="336" ind1=" " ind2=" ">
    <subfield code="a">text</subfield>
    <subfield code="2">rdacontent</subfield>
  </datafield>
  <datafield tag="337" ind1=" " ind2=" ">
    <subfield code="a">unmediated</subfield>
    <subfield code="2">rdamedia</subfield>
  </datafield>
  <datafield tag="338" ind1=" " ind2=" ">
    <subfield code="a">volume</subfield>
    <subfield code="2">rdacarrier</subfield>
  </datafield>
  <datafield tag="520" ind1=" " ind2=" ">
    <subfield code="a">&quot;Widely regarded as a standard clinical resource, this book helps practitioners think outside the mental health box and recognize when a client may urgently need a medical evaluation. Part I provides an accessible overview of symptoms that can be observed in a standard mental status examination and may point to medical illness. Engaging case vignettes and interviewing pointers help readers hone their diagnostic skills. Part II presents concise facts--including basic medical information and physical and mental symptoms--on more than 60 diseases and syndromes. An easy-to-read chart in Part III cross-tabulates all of the disorders and symptoms for quick reference and comparison.  New to This Edition  *Reflects more than 15 years of advances in medical and mental health knowledge.  *Updated throughout for DSM-5.  *Additional medical disorders: celiac disease, traumatic brain injury, heavy metal toxicity, and others.  *Updated links to further reading on each health condition&quot;--</subfield>
    <subfield code="c">Provided by publisher.</subfield>
  </datafield>
  <datafield tag="504" ind1=" " ind2=" ">
    <subfield code="a">Includes bibliographical references (pages 235-240) and index.</subfield>
  </datafield>
  <datafield tag="650" ind1=" " ind2="0">
    <subfield code="a">Psychological manifestations of general diseases.</subfield>
  </datafield>
  <datafield tag="650" ind1=" " ind2="0">
    <subfield code="a">Medicine, Psychosomatic.</subfield>
  </datafield>
  <datafield tag="650" ind1=" " ind2="7">
    <subfield code="a">PSYCHOLOGY / Clinical Psychology.</subfield>
    <subfield code="2">bisacsh</subfield>
  </datafield>
  <datafield tag="650" ind1=" " ind2="7">
    <subfield code="a">MEDICAL / Diagnosis.</subfield>
    <subfield code="2">bisacsh</subfield>
  </datafield>
  <datafield tag="650" ind1=" " ind2="7">
    <subfield code="a">SOCIAL SCIENCE / Social Work.</subfield>
    <subfield code="2">bisacsh</subfield>
  </datafield>
  <datafield tag="650" ind1=" " ind2="7">
    <subfield code="a">MEDICAL / Psychiatry / General.</subfield>
    <subfield code="2">bisacsh</subfield>
  </datafield>
</record>