
<record>
  <leader>02661cam a22003737i 4500</leader>
  <controlfield tag="001">18599101</controlfield>
  <controlfield tag="005">20200103120610.0</controlfield>
  <controlfield tag="008">150501s2015    enk      b    001 0 eng  </controlfield>
  <datafield tag="906" ind1=" " ind2=" ">
    <subfield code="a">7</subfield>
    <subfield code="b">cbc</subfield>
    <subfield code="c">orignew</subfield>
    <subfield code="d">1</subfield>
    <subfield code="e">ecip</subfield>
    <subfield code="f">20</subfield>
    <subfield code="g">y-gencatlg</subfield>
  </datafield>
  <datafield tag="925" ind1="0" ind2=" ">
    <subfield code="a">acquire</subfield>
    <subfield code="b">1 shelf copy</subfield>
    <subfield code="x">policy default</subfield>
    <subfield code="e">claim1  2015-10-05</subfield>
  </datafield>
  <datafield tag="955" ind1=" " ind2=" ">
    <subfield code="b">rm13 2015-05-01</subfield>
    <subfield code="i">rm13 2015-05-01 ONIX (telework)</subfield>
    <subfield code="w">xl03 2015-05-01</subfield>
    <subfield code="a">xn12 2016-02-01 1 copy rec&apos;d., to CIP ver.</subfield>
    <subfield code="f">rm05 2016-02-08 to CALM</subfield>
  </datafield>
  <datafield tag="010" ind1=" " ind2=" ">
    <subfield code="a">  2015017417</subfield>
  </datafield>
  <datafield tag="020" ind1=" " ind2=" ">
    <subfield code="a">9781137432681 (paperback)</subfield>
  </datafield>
  <datafield tag="040" ind1=" " ind2=" ">
    <subfield code="a">DLC</subfield>
    <subfield code="b">eng</subfield>
    <subfield code="c">DLC</subfield>
    <subfield code="e">rda</subfield>
  </datafield>
  <datafield tag="050" ind1="0" ind2="0">
    <subfield code="a">HD30.4</subfield>
    <subfield code="b">.W545 2015</subfield>
  </datafield>
  <datafield tag="082" ind1="0" ind2="0">
    <subfield code="a">658.4/06</subfield>
    <subfield code="2">23</subfield>
  </datafield>
  <datafield tag="084" ind1=" " ind2=" ">
    <subfield code="a">BUS042000</subfield>
    <subfield code="a">BUS049000</subfield>
    <subfield code="a">BUS101000</subfield>
    <subfield code="2">bisacsh</subfield>
  </datafield>
  <datafield tag="100" ind1="1" ind2=" ">
    <subfield code="a">Wilson, B.</subfield>
    <subfield code="q">(Brian)</subfield>
  </datafield>
  <datafield tag="245" ind1="1" ind2="0">
    <subfield code="a">Soft systems thinking, methodology and the management of change /</subfield>
    <subfield code="c">Brian Wilson and Kees Van Haperen.</subfield>
  </datafield>
  <datafield tag="264" ind1=" " ind2="1">
    <subfield code="a">London :</subfield>
    <subfield code="a">New York, NY :</subfield>
    <subfield code="b">Palgrave Macmillan,</subfield>
    <subfield code="c">2015.</subfield>
  </datafield>
  <datafield tag="300" ind1=" " ind2=" ">
    <subfield code="a">xciii, 413 pages ;</subfield>
    <subfield code="c">24 cm</subfield>
  </datafield>
  <datafield tag="336" ind1=" " ind2=" ">
    <subfield code="a">text</subfield>
    <subfield code="2">rdacontent</subfield>
  </datafield>
  <datafield tag="337" ind1=" " ind2=" ">
    <subfield code="a">unmediated</subfield>
    <subfield code="2">rdamedia</subfield>
  </datafield>
  <datafield tag="338" ind1=" " ind2=" ">
    <subfield code="a">volume</subfield>
    <subfield code="2">rdacarrier</subfield>
  </datafield>
  <datafield tag="504" ind1=" " ind2=" ">
    <subfield code="a">Includes bibliographical references and index.</subfield>
  </datafield>
  <datafield tag="520" ind1=" " ind2=" ">
    <subfield code="a">&quot;Brian Wilson, one of the originators of Soft Systems Methodology, and Kees van Haperen, a widely experienced SSM consultant, illustrate how this branch of systems engineering is applied to a range of highly complex business scenarios to achieve improved performance. This book will appeal to students of SSM and consultants working in the field&quot;--</subfield>
    <subfield code="c">Provided by publisher.</subfield>
  </datafield>
  <datafield tag="505" ind1="8" ind2=" ">
    <subfield code="a">Machine generated contents note: -- PART I: SSM FUNDAMENTALS -- 1. Introduction -- 2. Organisational Analysis -- 3. An Overview of Soft Systems Methodology -- 4. Features of Soft Systems Methodology -- PART II: Advanced Concepts -- 5. A Publishing System -- 6. A Policing System -- 7. A Healthcare System -- 8. An Employment Agency -- 9. Defence Systems -- 10. A Centre of Excellence -- 11. A Government System -- 12. Other Government Depertments -- 13. A Charity -- 14. Generic Reference Models -- 15. Information Assurance -- 16. Summary -- PART III: CASE STUDIES -- 17. General Considerations -- 18. Aiding Good Practice -- 19. Systems Thinking and Macro Issues -- 20. The Judiciary -- 21. Healthcare -- 22. Policing -- 23. Defence -- 24. Conclusions.</subfield>
  </datafield>
  <datafield tag="650" ind1=" " ind2="0">
    <subfield code="a">Industrial management.</subfield>
  </datafield>
  <datafield tag="650" ind1=" " ind2="0">
    <subfield code="a">System analysis.</subfield>
  </datafield>
  <datafield tag="650" ind1=" " ind2="7">
    <subfield code="a">BUSINESS &amp; ECONOMICS / Management Science.</subfield>
    <subfield code="2">bisacsh</subfield>
  </datafield>
  <datafield tag="650" ind1=" " ind2="7">
    <subfield code="a">BUSINESS &amp; ECONOMICS / Operations Research.</subfield>
    <subfield code="2">bisacsh</subfield>
  </datafield>
  <datafield tag="650" ind1=" " ind2="7">
    <subfield code="a">BUSINESS &amp; ECONOMICS / Project Management.</subfield>
    <subfield code="2">bisacsh</subfield>
  </datafield>
  <datafield tag="700" ind1="1" ind2=" ">
    <subfield code="a">Van Haperen, Kees.</subfield>
  </datafield>
  <datafield tag="856" ind1="4" ind2="2">
    <subfield code="3">Cover image</subfield>
    <subfield code="u">http://www.netread.com/jcusers2/bk1388/681/9781137432681/image/lgcover.9781137432681.jpg</subfield>
  </datafield>
</record>