
<record>
  <leader>03596cam a22003617i 4500</leader>
  <controlfield tag="001">18602142</controlfield>
  <controlfield tag="005">20200103120615.0</controlfield>
  <controlfield tag="008">150429t20152015cau      b    001 0 eng c</controlfield>
  <datafield tag="906" ind1=" " ind2=" ">
    <subfield code="a">7</subfield>
    <subfield code="b">cbc</subfield>
    <subfield code="c">orignew</subfield>
    <subfield code="d">1</subfield>
    <subfield code="e">ecip</subfield>
    <subfield code="f">20</subfield>
    <subfield code="g">y-gencatlg</subfield>
  </datafield>
  <datafield tag="925" ind1="0" ind2=" ">
    <subfield code="a">acquire</subfield>
    <subfield code="b">1 shelf copy</subfield>
    <subfield code="x">policy default</subfield>
  </datafield>
  <datafield tag="955" ind1=" " ind2=" ">
    <subfield code="a">CU-S</subfield>
    <subfield code="e">rm11 2015-05-04 to Dewey</subfield>
    <subfield code="w">xl06 2015-05-05</subfield>
    <subfield code="a">xn12 2016-03-18 1 copy rec&apos;d., to CIP ver.</subfield>
    <subfield code="f">rm06 2016-04-27 to CALM</subfield>
  </datafield>
  <datafield tag="010" ind1=" " ind2=" ">
    <subfield code="a">  2015017190</subfield>
  </datafield>
  <datafield tag="020" ind1=" " ind2=" ">
    <subfield code="a">9780520287037 (cloth : alk. paper)</subfield>
  </datafield>
  <datafield tag="020" ind1=" " ind2=" ">
    <subfield code="z">9780520962194 (e-edition)</subfield>
  </datafield>
  <datafield tag="040" ind1=" " ind2=" ">
    <subfield code="a">CU-S/DLC</subfield>
    <subfield code="b">eng</subfield>
    <subfield code="c">CU-S</subfield>
    <subfield code="e">rda</subfield>
    <subfield code="d">DLC</subfield>
  </datafield>
  <datafield tag="050" ind1="0" ind2="0">
    <subfield code="a">HQ684</subfield>
    <subfield code="b">.S66 2015</subfield>
  </datafield>
  <datafield tag="082" ind1="0" ind2="0">
    <subfield code="a">306.0951/09032</subfield>
    <subfield code="2">23</subfield>
  </datafield>
  <datafield tag="100" ind1="1" ind2=" ">
    <subfield code="a">Sommer, Matthew Harvey,</subfield>
    <subfield code="d">1961-</subfield>
    <subfield code="e">author.</subfield>
  </datafield>
  <datafield tag="245" ind1="1" ind2="0">
    <subfield code="a">Polyandry and wife-selling in Qing dynasty China :</subfield>
    <subfield code="b">survival strategies and judicial interventions /</subfield>
    <subfield code="c">Matthew H. Sommer.</subfield>
  </datafield>
  <datafield tag="264" ind1=" " ind2="1">
    <subfield code="a">Oakland, California :</subfield>
    <subfield code="b">University of California Press,</subfield>
    <subfield code="c">[2015]</subfield>
  </datafield>
  <datafield tag="264" ind1=" " ind2="4">
    <subfield code="c">©2015</subfield>
  </datafield>
  <datafield tag="300" ind1=" " ind2=" ">
    <subfield code="a">xiii, 478 pages ;</subfield>
    <subfield code="c">24 cm</subfield>
  </datafield>
  <datafield tag="336" ind1=" " ind2=" ">
    <subfield code="a">text</subfield>
    <subfield code="2">rdacontent</subfield>
  </datafield>
  <datafield tag="337" ind1=" " ind2=" ">
    <subfield code="a">unmediated</subfield>
    <subfield code="2">rdamedia</subfield>
  </datafield>
  <datafield tag="338" ind1=" " ind2=" ">
    <subfield code="a">volume</subfield>
    <subfield code="2">rdacarrier</subfield>
  </datafield>
  <datafield tag="500" ind1=" " ind2=" ">
    <subfield code="a">Polyandry. &quot;Getting a husband to support a husband&quot;. Attitudes of families, communities, and women toward polyandry. The intermediate range of practice -- Wife-selling. Anatomy of a wife sale. Analysis of prices in wife sales. Negotiations between men in wife sales. Wives, natal families, and children. Four variations on a theme -- Polyandry and wife-selling in Qing law. Formal law and central court interpretation from Ming through high Qing. Absolutism versus pragmatism in central court treatment of wife sales. Flexible adjudication of routine cases in the local courts.</subfield>
  </datafield>
  <datafield tag="520" ind1=" " ind2=" ">
    <subfield code="a">&quot;This book is a study of polyandry, wife-selling, and a variety of related practices in China during the Qing dynasty (1644-1912). By analyzing over 1200 legal cases from local and central court archives, Matthew Sommer explores the functions played by marriage, sex, and reproduction in the survival strategies of the rural poor under conditions of overpopulation, worsening sex ratios, and shrinking farm sizes. Polyandry and wife-selling represented opposite ends of a spectrum of strategies. At one end, polyandry was a means to keep the family together by expanding it. A woman would bring in a second husband in exchange for his help supporting her family. In contrast, wife sale was a means to survive by breaking up a family: a husband would secure an emergency infusion of cash while his wife would escape poverty and secure a fresh start with another man. Even though Qing law prohibited both practices under the rubric &quot;illicit sexual relations,&quot; Sommer shows how magistrates charged with propagating and enforcing a fundamentalist Confucian vision of female chastity tried to cope with their social reality in the face of daunting poverty. This contradiction illuminates both the pragmatism of routine adjudication and the increasingly dysfunctional nature of the dynastic state in the face of mounting social crisis. By casting a spotlight on the rural poor and the experiences of both men and women, Sommer provides an alternative to the standard paradigms of women&apos;s history that have long dominated scholarship on gender and sexuality in late imperial China.&quot;--Provided by publisher.</subfield>
  </datafield>
  <datafield tag="504" ind1=" " ind2=" ">
    <subfield code="a">Includes bibliographical references (pages 415-468) and index.</subfield>
  </datafield>
  <datafield tag="650" ind1=" " ind2="0">
    <subfield code="a">Married women</subfield>
    <subfield code="z">China</subfield>
    <subfield code="x">Social conditions</subfield>
    <subfield code="v">Case studies.</subfield>
  </datafield>
  <datafield tag="650" ind1=" " ind2="0">
    <subfield code="a">Polyandry</subfield>
    <subfield code="z">China</subfield>
    <subfield code="v">Case studies.</subfield>
  </datafield>
  <datafield tag="650" ind1=" " ind2="0">
    <subfield code="a">Rural poor</subfield>
    <subfield code="z">China</subfield>
    <subfield code="v">Case studies.</subfield>
  </datafield>
  <datafield tag="651" ind1=" " ind2="0">
    <subfield code="a">China</subfield>
    <subfield code="x">Social conditions</subfield>
    <subfield code="y">1644-1912.</subfield>
  </datafield>
  <datafield tag="985" ind1=" " ind2=" ">
    <subfield code="a">CU-SCIP</subfield>
    <subfield code="d">2015-05-01</subfield>
  </datafield>
</record>